% Conferences
@string{AMAST = {{Int.\ Conf.\ on Algebraic Methodology and Software Technology}}}
@string{AOSD = {{Int.\ Conf.\ on Aspect-Oriented Software Development}}}
@string{ASE = {{IEEE Int.\ Conf.\ on Automated Software Engineering}}}
@string{ASPLOS = {{ACM Int.\ Conf.\ on Architectural Support for Programming Languages and Operating Systems}}}
@string{CHI = {{ACM SIGCHI Conf.\ on Human Factors in Computing Systems}}}
@string{ECOOP = {{European Conf.\ on Object-Oriented Programming}}}
@string{FOSD = {{Int.\ Workshop on Feature-Oriented Software Development}}}
@string{FSE = {{ACM SIGSOFT Int.\ Symp.\ on the Foundations of Software Engineering}}}
@string{FM = {{Int.\ Symp.\ on Formal Methods}}}
@string{GCSE = {{Int.\ Conf.\ on Generative and Component-Based Software Engineering}}}
@string{GPCE = {{Int.\ Conf.\ on Generative Programming and Component Engineering}}}
@string{ICFP = {{ACM SIGPLAN Int.\ Conf.\ on Functional Programming}}}
@string{ICSE = {{IEEE Int.\ Conf.\ on Software Engineering}}}
@string{ICSME  = {{IEEE Int.\ Conf.\ on Software Maintenance and Evolution}}}
@string{OOPSLA = {{ACM SIGPLAN Int.\ Conf.\ on Object-Oriented Programming, Systems, Languages, and Applications}}}
@string{PEPM = {{ACM SIGPLAN Workshop on Partial Evaluation and Semantics-based Program Manipulation}}}
@string{PFE = {{Int.\ Workshop on Software Product-Family Engineering}}}
@string{POPL = {{ACM SIGPLAN-SIGACT Symp.\ on Principles of Programming Languages}}}
@string{PLDI = {{ACM SIGPLAN Conf.\ on Programming Language Design and Implementation}}}
@string{RE = {{IEEE Int.\ Requirements Engineering Conf.}}}
@string{SPLC = {{Int.\ Software Product Line Conf.}}}
@string{VaMoS = {{Int.\ Workshop on Variability Modelling of Software-Intensive Systems}}}
@string{TOPLAS = "{ACM Trans.\ on Programming Languages and Systems}"}

% Journals
@string{CACM  = {{Comm.\ of the ACM}}}
@string{JACM  = {{J.\ ACM}}}
@string{JOT   = {{Journal of Object Technology}}}
@string{SEN   = {{ACM SIGSOFT Software Engineering Notes}}}
@string{TOSEM = {{ACM Trans.\ on Software Engineering and Methodology}}}
@string{TSE   = {{IEEE Trans.\ on Software Engineering}}}
@string{SCP   = {{Science of Computer Programming}}}

% Series
@string{LNCS  = {{LNCS}}}

% Publishers
@string{ACM = {{ACM Press}}}
@string{ACM:US = {{New York}}}

@string{AW = {{Addison-Wesley}}}
@string{AW:Bos = {{Boston}}}
@string{AW:Read = {{Reading, MA}}}

@string{IEEE = {{IEEE Computer Society}}}
@string{IEEE:DC = {{Washington, DC}}}
@string{IEEE:CA = {{Los Alamitos, CA}}}

@string{SP = {{Springer-Verlang}}}
@string{SP:EU = {{Berlin Heidelberg}}}
@string{SP:US = {{New York}}}

@string{EL = {{Elsevier}}}
@string{EL:AM = {{Amsterdam}}}

% Institutions
@string{SEI:CMU = {{Software Engineering Institute, Carnegie Mellon University}}}


@inproceedings{SP01,
  title = {Fast Regular Expression Matching Using {FPGA}s},
  author = {Sidhu, R. and Prasanna, V.~K.},
  booktitle = {IEEE Symp.\ on Field-Programmable Custom Computing Machines},
  pages = {227--238},
  year = 2001,
}

@mastersthesis{Mein14:MS,
  author = {Meinicke, Jens},
  title = "{VarexJ: A Variability-Aware Interpreter for Java Applications}",
  school = {University of Magdeburg},
  year = 2014,
}

@inproceedings{MWKTS:ASE16,
	author = {Jens Meinicke and Chu-Pan Wong and Christian K{\"a}stner and Thomas Th{\"u}m and Gunter Saake},
	title = {{On Essential Configuration Complexity: Measuring Interactions In Highly-Configurable Systems}},
	booktitle = ASE,
	year = 2016,
}

@inproceedings{ANK:Releng16,
	author = {Jafar Al-Kofahi and Tien N. Nguyen and Christian K{\"a}stner},
	title = {{Escaping AutoHell: A Vision For Automated Analysis and Migration of Autotools Build Systems}},
	booktitle = {Int.\ Workshop on Release Engineering},
	year = 2016,
}

@inproceedings{MKRGA:ICSE16,
	author = {Fl{\'a}vio Medeiros and Christian K{\"a}stner and M{\'a}rcio Ribeiro and Rohit Gheyi and Sven Apel},
	title = {{A Comparison of 10 Sampling Algorithms for Configurable Systems}},
	booktitle = ICSE,
	year = 2016,
}

@inproceedings{FMKPA:SPLC16,
	author = {Gabriel Ferreira and Momin Malik and Christian K{\"a}stner and Juergen Pfeffer and Sven Apel},
	title = {{Do \#ifdefs Influence the Occurrence of Vulnerabilities? An Empirical Study of the Linux Kernel}},
	booktitle = SPLC,
	year = 2016,
}

@inproceedings{SNGC:FSE15,
  author = {Koushik Sen and George Necula and Liang Gong and Wontae Choi},
  title = {{MultiSE: Multi-path Symbolic Execution using Value Summaries}},
  booktitle = FSE,
  year = 2015,
}

@inproceedings{Kwon16,
  title = {{LDX: Causality Inference by Lightweight Dual Execution}},
  author = {Kwon, Yonghwi and Kim, Dohyeong and Sumner, William Nick and Kim, Kyungtae and Saltaformaggio, Brendan and Zhang, Xiangyu and Xu, Dongyan},
  booktitle = ASPLOS,
  pages = {503--515},
  year = 2016,
}

%%%%%%%%%%%%%%%%%%%%%%%%%%
% Software Product Lines %
%%%%%%%%%%%%%%%%%%%%%%%%%%

@ARTICLE{Parnas76,
author={Parnas, D.~L.},
journal={IEEE Trans.\ on Software Engineering},
title={On the Design and Development of Program Families},
year={1976},
volume={2},
number={1},
pages={1-9},
}

@inproceedings{Bos01,
  author = {Bosch, Jan and Florijn, Gert and Greefhorst, Danny and Kuusela, Juha and
            Obbink, Henk and Pohl, Klaus},
  title = {{Variability Issues in Software Product Lines}},
  booktitle = PFE,
  series = LNCS,
  volume = 2290,
  year = 2001,
  pages = {13--21},
}

% Very management-speaky document on adopting product line methodologies.
@techreport{CDM09,
  author = {Chastek, Gary and Donohoe, Patrick and McGregor, John},
  title = {{Formulation of a Production Strategy for a Software Product Line}},
  institution = SEI:CMU,
  number = {CMU/SEI-2009-TN-025},
  month = Aug,
  year = 2009,
}

@book{CN01,
  author = {Clements, Paul C. and Northrop, Linda M.},
  title = {{Software Product Lines: Practices and Patterns}},
  publisher = AW,
  address = AW:Bos,
  year = 2001,
}

% explicates the requirements of variation management for software product lines,
% argues that traditional SCM and variation management tools are complementary,
% and are solutions to different parts of the puzzle.
@inproceedings{Kru02,
  author = {Krueger, Charles W.},
  title = {{Variation Management for Software Production Lines}},
  booktitle = SPLC,
  series = LNCS,
  volume = 2379,
  year = 2002,
  pages = {37--48},
}

% Living document describing how to build product lines from a management-speak
% businessy point of view.  Maybe just include URL as a footnote to CN01...
@book{NC07,
  author = {Northrop, Linda M. and Clements, Paul C.},
  title = {{A Framework for Software Product Line Practice, Version 5.0}},
  publisher = SEI:CMU,
  year = 2007,
  howpublished = {Web published},
  note = {\url{http://www.sei.cmu.edu/productlines/frame_report/}},
}

@article{Par76,
  author = {Parnas, David L.},
  title = {{On the Design and Development of Program Families}},
  journal = TSE,
  volume = 2,
  number = 1,
  pages = {1--9},
  year = 1976,
}

@book{PBV05,
  title = {{Software Product Line Engineering: Foundations, Principles, and Techniques}},
  author = {Pohl, Klaus and B{\"o}ckle, G{\"u}nter and van der Linden, Frank},
  publisher = SP,
  address = SP:EU,
  year = 2005,
}

%%%%%%%%%%%%%%%%%%%%%%%%%%%%%%%%%%%%%%%%%
% Feature-Oriented Software Development %
%%%%%%%%%%%%%%%%%%%%%%%%%%%%%%%%%%%%%%%%%

@article{AK09,
  title = {{An Overview of Feature-Oriented Software Development}},
  author = {Apel, S. and K\"{a}stner, C.},
  journal = JOT,
  volume = 8,
  number = 5,
  pages = {49--84},
  year = 2009
}

@inproceedings{Pre97,
  author = {Prehofer, C.},
  title = {{Feature-Oriented Programming: A Fresh Look at Objects}},
  booktitle = ECOOP,
  pages = {419--443},
  year = 1997,
}


%%%%%%%%%%%%%%%%%%%%%%%%%%%%
% Compositional Approaches %
%%%%%%%%%%%%%%%%%%%%%%%%%%%%

@inproceedings{AKB08,
  author = {Apel, Sven and K\"{a}stner, Christian and Batory, Don},
  title = {{Program Refactoring Using Functional Aspects}},
  booktitle = GPCE,
  pages = {161--170},
  year = 2008,
}

@article{ALS08,
  title = {{Aspectual feature modules}},
  author = {Apel, Sven and Leich, Thomas and Saake, Gunter},
  journal = TSE,
  volume = 34,
  number = 2,
  pages = {162--180},
  year = {2008a},
}

% GenVoca
@article{BO92,
  author = {Batory, Don and O'Malley, Sean},
  title = {{The Design and Implementation of Hierarchical Software Systems with Reusable Components}},
  journal = TOSEM,
  volume = 1,
  number = 4,
  pages = {355--398},
  year = 1992,
}

@inproceedings{Bat98,
  title = {{JTS: Tools for Implementing Domain-Specific Languages}},
  author = {Batory, Don and Lofaso, Bernie and Smaragdakis, Yannis},
  booktitle = {{Int.\ Conf.\ on Software Reuse}},
  pages = {143--154},
  year = 1998,
}

@inproceedings{Bat02,
  author = {Batory, Don and Lopez-Herrejon, Roberto E. and Martin, Jean-Philippe},
  title = {{Generating Product-Lines of Product-Families}},
  booktitle = ASE,
  pages = {81--92},
  year = 2002,
}

@inproceedings{Bat03,
  author = {Batory, Don and Liu, Jia and Sarvela, Jacob Neal},
  title = {{Refinements and Multi-Dimensional Separation of Concerns}},
  booktitle = FSE,
  pages = {48--57},
  year = 2003,
}

@inproceedings{Liu06,
  author = {Liu, Jia and Batory, Don and Lengauer, Christian},
  title = {{Feature Oriented Refactoring of Legacy Applications}},
  booktitle = ICSE,
  pages = {112--121},
  year = 2006,
}

% AHEAD
@article{BSR04,
  author = {Batory, Don and Sarvela, Jacob Neal and Rauschmayer, Axel},
  title = {{Scaling Step-Wise Refinement}},
  journal = TSE,
  volume = 30,
  number = 6,
  pages = {355-371},
  year = 2004,
}

@inproceedings{Kel06,
  author = {Kellens, Andy and Mens, Kim and Brichau, Johan and Gybels, Kris},
  title = {{Managing the Evolution of Aspect-Oriented Software with Model-Based Pointcuts}},
  booktitle = ECOOP,
  series = LNCS,
  volume = 4067,
  pages = {501--525},
  year = 2006,
}

% Aspect-Oriented Programming
@inproceedings{Kic97,
  author = {Kiczales, Gregor and Lamping, John and Mendhekar, Anurag and
            Maeda, Chris and Lopes, Cristina Videira and
            Loingtier, Jean-Marc and Irwin, John},
  title = {{Aspect-Oriented Programming}},
  booktitle = ECOOP,
  series = LNCS,
  volume = 1241,
  pages = {220--242},
  year = 1997,
}

% AspectJ
@inproceedings{Kic01,
  author = {Kiczales, Gregor and Hilsdale, Erik and Hugunin, Jim and
            Kersten, Mik and Palm, Jeffrey and Griswold, William G.},
  title = {{An Overview of AspectJ}},
  booktitle = ECOOP,
  series = LNCS,
  volume = 2072,
  pages = {327--354},
  year = 2001,
}

% Caesar
@article{MO04,
  author = {Mezini, Mira and Ostermann, Klaus},
  title = {{Variability Management with Feature-Oriented Programming and Aspects}},
  journal = SEN,
  volume = 29,
  number = 6,
  pages = {127--136},
  year = 2004,
}

% Hyper/J
@inproceedings{OT00,
  author = {Ossher, Harold and Tarr, Peri},
  title = {{Hyper/J: Multi-Dimensional Separation of Concerns for Java}},
  booktitle = ICSE,
  pages = {734--737},
  year = 2000,
}

% MDSoC
@inproceedings{Tarr99,
  author = {Tarr, Peri and Ossher, Harold and Harrison, William and Sutton Jr., Stanley M.},
  title = {{N Degrees of Separation: Multi-Dimensional Separation of Concerns}},
  booktitle = ICSE,
  pages = {107--119},
  year = 1999,
}

@article{Wir71,
  author = {Wirth, Niklaus},
  title = {{Program Development by Stepwise Refinement}},
  journal = CACM,
  volume = 14,
  number = 4,
  year = 1971,
  pages = {221--227},
}


%%%%%%%%%%%%%%%%%%%%%%%%%
% Annotative Approaches %
%%%%%%%%%%%%%%%%%%%%%%%%%

@book{Assm03,
  title = {{Invasive Software Composition}},
  author = {A{\ss}mann, U.},
  year = 2003,
  publisher = SP,
  address = SP:US,
}

@inproceedings{Bou10,
  author = {Boucher, Quentin and Classen, Andreas and Heymans, Patrick and Bourdoux, Arnaud and Demonceau, Laurent},
  title = {{Tag and Prune: A Pragmatic Approach to Software Product Line Implementation}},
  booktitle = ASE,
  pages = {333--336},
  year = 2010,
}

%
% CPP
%

@book{cpp,
  author = {{GNU Project}},
  title = {{The C Preprocessor}},
  publisher = {{Free Software Foundation}},
  note = {\url{http://gcc.gnu.org/onlinedocs/cpp/}},
  year = 2009,
}

@article{EBN02,
  title = {{An Empirical Analysis of C Preprocessor Use}},
  author = {Ernst, Michael D. and Badros, Greg J. and Notkin, David},
  journal = TSE,
  volume = 28,
  number = 12,
  pages = {1146--1170},
  year = 2002,
}

@inproceedings{LKA11,
  author = {Liebig, J\"{o}rg and K\"{a}stner, Christian and Apel, Sven},
  title = {{Analyzing the Discipline of Preprocessor Annotations in 30 Million Lines of C Code}},
  booktitle = AOSD,
  year = 2011,
  note = {To appear.}
}

@inproceedings{Ken10,
  author = {Kenner, Andy and K\"{a}stner, Christian and Haase, Steffen and Leich, Thomas},
  title = {{TypeChef: Toward Type Checking \#ifdef Variability in C}},
  booktitle = FOSD,
  year = 2010,
  pages = {25--32},
}

@inproceedings{SC92,
  author = {Spencer, Henry and Collyer, Geoff},
  title = {{\#ifdef Considered Harmful, or Portability Experience With C News}},
  booktitle = {{Proc.\ of the USENIX Summer Conf.}},
  pages = {185--198},
  year = 1992,
}


@article{Wan99,
  title = {{Macros and Preprocessing in Haskell}},
  author = {Wansbrough, Keith},
  year = 1999,
  note = {Unpublished}
}

%
% CIDE
%

@inproceedings{KAK08,
  author = {K\"{a}stner, Christian and Apel, Sven and Kuhlemann, Martin},
  title = {{Granularity in Software Product Lines}},
  booktitle = ICSE,
  pages = {311--320},
  year = 2008,
}

@inproceedings{KAK09,
  author = {K\"{a}stner, Christian and Apel, Sven and Kuhlemann, Martin},
  title = {{A Model of Refactoring Physically and Virtually Separated Features}},
  booktitle = GPCE,
  pages = {157--166},
  year = 2009,
}

@article{KA09,
  title = {{Virtual Separation of Concerns---A Second Chance for Preprocessors}},
  author = {K\"{a}stner, C. and Apel, S.},
  journal = JOT,
  volume = 8,
  number = 6,
  pages = {59--78},
  year = 2009
}

% CIDE Feature Model
@inproceedings{KKB08,
  author = {Kim, Chang Hwan Peter and K\"{a}stner, Christian and Batory, Don},
  title = {{On the Modularity of Feature Interactions}},
  booktitle = GPCE,
  pages = {19--23},
  year = 2008,
}

% CIDE Alternatives
@mastersthesis{Ros09,
  author = {Rosenthal, M.},
  title = {{Alternative Features in Colored Featherweight Java}},
  year = 2009,
  school = {{University of Passau, Germany}},
  note = "{(In German)}",
}

@inproceedings{AKL08,
  title={{Feature Featherweight Java: A Calculus for Feature-Oriented Programming and Stepwise Refinement}},
  author={Apel, S. and K\"{a}stner, C. and Lengauer, C.},
  booktitle=GPCE,
  pages={101--112},
  year=2008,
}



%%%%%%%%%%%%%%%%%%%%
% Bridging the Gap %
%%%%%%%%%%%%%%%%%%%%

@inproceedings{KA08,
  title = {{Integrating Compositional and Annotative Approaches for Product Line Engineering}},
  author = {K\"{a}stner, Christian and Apel, Sven},
  booktitle = {{GPCE Workshop on Modularization, Composition and Generative Techniques for Product Line Engineering}},
  pages = {35--40},
  year = 2008,
}


% XVCL 1
@inproceedings{ZJ01,
  author = {Zhang, Hongyu and Jarzabek, Stan and Swe, Soe Myat},
  title = {{XVCL Approach to Separating Concerns in Product Family Assets}},
  booktitle = GCSE,
  series = LNCS,
  volume = 2186,
  pages = {36--47},
  year = 2001,
}


% XVCL 2
@article{ZJ04,
  author = {Zhang, Hongyu and Jarzabek, Stan},
  title = {{XVCL: A Mechanism for Handling Variants in Software Product Lines}},
  journal = SCP,
  volume = 53,
  number = 3,
  pages = {381--407},
  year = 2004,
}


%%%%%%%%%%%%%%%%%%
% Feature Models %
%%%%%%%%%%%%%%%%%%

@inproceedings{AC04,
  author = {Antkiewicz, Michal and Czarnecki, Krzysztof},
  title = {{FeaturePlugin: Feature Modeling Plug-In for Eclipse}},
  booktitle = {{OOPSLA Work.\ on Eclipse Technology eXchange}},
  year = 2004,
  pages = {67--72},
}


@inproceedings{Apel08,
  author = {Apel, Sven and Lengauer, Christian and M\"{o}ller, Bernhard and K\"{a}stner, Christian},
  title = {{An Algebra for Features and Feature Composition}},
  booktitle = AMAST,
  series = LNCS,
  volume = 5140,
  pages = {36--50},
  year = {2008b},
}

@inproceedings{Bat05,
  author = {Batory, Don},
  title = {{Feature Models, Grammars, and Propositional Formulas}},
  booktitle = SPLC,
  series = LNCS,
  volume = 3714,
  pages = {7--20},
  year = 2005,
}

@inproceedings{HKM06,
  author = {H\"{o}fner, Peter and Khedri, Ridha and M\"{o}ller, Bernhard},
  title = {{Feature Algebra}},
  booktitle = FM,
  series = LNCS,
  volume = 4085,
  pages = {300--315},
  year = 2006,
}

% Optional feature problem TODO
@inproceedings{Kas09,
  author = {K\"{a}stner, C. and Apel, S. and ur Rahman, S.~S. and Rosenm\"{u}ller, M. and Batory, D. and Saake, G.},
  title = {{On the Impact of the Optional Feature Problem: Analysis and Case Studies}},
  booktitle = SPLC,
  pages = {181--190},
  year = 2009
}


% Original feature diagram paper
@techreport{Kang90,
  title = {{Feature-Oriented Domain Analysis (FODA) Feasibility Study}},
  author = {Kang, Kyo C. and Cohen, Sholom G. and Hess, James A. and Novak, William E. and Peterson, A. Spencer},
  institution = SEI:CMU,
  number = {CMU/SEI-90-TR-21},
  month = Nov,
  year = 1990,
}

@inproceedings{SHT06,
  title = {{Feature Diagrams: A Survey and a Formal Semantics}},
  author = {Schobbens, Pierre-Yves and Heymans, Patrick and Trigaux, Jean-Christophe},
  booktitle = RE,
  pages = {139--148},
  year = 2006,
}

%%%%%%%
% SCM %
%%%%%%%

@article{Est05,
  author = {Estublier, Jacky and
            Leblang, David and
            van der Hoek, Andr\'{e} and
            Conradi, Reidar and
            Clemm, Geoffrey and
            Tichy, Walter and
            Wiborg-Weber, Darcy},
  title = {{Impact of Software Engineering Research on the Practice of Software Configuration Management}},
  journal = TOSEM,
  volume = 14,
  number = 4,
  pages = {383--430},
  year = 2005,
}

@article{Roc75,
  author = {Rochkind, Marc J.},
  title = {{The Source Code Control System}},
  journal = TSE,
  volume = 1,
  number = 4,
  pages = {364--370},
  year = 1975,
}

@article{WS02,
  author = {Walrad, Chuck and Strom, Darrel},
  title = {{The Importance of Branching Models in SCM}},
  journal = {Computer},
  volume = 35,
  number = 9,
  pages = {31--38},
  year = 2002,
}

%%%%%%%%%%%%%%%%%%%%%%%%%%
% Generative Programming %
%%%%%%%%%%%%%%%%%%%%%%%%%%

@book{CE00,
  author = {Czarnecki, Krzysztof and Eisenecker, Ulrich W.},
  title = {{Generative Programming: Methods, Tools, and Applications}},
  year = 2000,
  publisher = AW,
}

%%%%%%%%
% Misc %
%%%%%%%%

@inproceedings{BC90,
  author = {Bracha, Gilad and Cook, William},
  title = {{Mixin-Based Inheritance}},
  booktitle = OOPSLA,
  pages = {303--311},
  year = 1990,
}

@book{Gam95,
  author = {Gamma, Erich and Helm, Richard and Johnson, Ralph and Vlissides, John},
  title = {{Design Patterns: Elements of Reusable Object-Oriented Software}},
  publisher = AW,
  address = AW:Read,
  year = 1995,
}

% need for support for exploration of alternatives
@inproceedings{SLN92,
  author = {Szekely, Pedro and Luo, Ping and Neches, Robert},
  title = {{Facilitating the Exploration of Interface Design Alternatives: The HUMANOID Model of Interface Design}},
  booktitle = CHI,
  pages = {507--515},
  year = 1992,
}

@inproceedings{Koh86,
  title = {{Hygienic Macro Expansion}},
  author = {Kohlbecker, Eugene and Friedman, Daniel P. and Felleisen, Matthias and Duba, Bruce},
  booktitle = {{ACM Conf.\ on LISP and Functional Programming}},
  pages = {151--161},
  year = 1986,
}


%%%%%%%%%%%%%%%%%%%%%%%%%%%%%%%%%%%%%%%%%%%%%%%%%%%%%%%%%%%%%%%%%%%%%%%%%%%
%%%%%%%%%%%%%%%%%%%%%%%%%%%%%%%%%%%%%%%%%%%%%%%%%%%%%%%%%%%%%%%%%%%%%%%%%%%
% Below here is stuff not completely beautified yet.

%% DB

@book{Dat05,
   author = {Date, C.~J.},
   title = "{Database in Depth: Relational Theory for Practitioners}",
   publisher = {O'Reilly Media, Inc.},
   year = 2005,
}


%% business

@book{Hay02,
  author = {Hayes, J.},
  title = "{The Theory and Practice of Change Management}",
  publisher = "{Palgrave MacMillan}",
  address = {Houndmills, UK},
  year = 2002,
}

@book{Lue03,
  author = {Luecke, R.},
  title = "{Managing Change and Transition}",
  publisher = "{Harvard Business School Press}",
  address = {Boston, MA},
  year = 2003,
}

@book{JP03,
  author = {Jick, T.~D. and Peiperl, M.~A.},
  title = "{Managing Change (2nd ed.)}",
  publisher = "{McGraw Hill}",
  address = {New York, NY},
  year = 2003,
}

@book{Hol06,
  author = {Holbeche, L.},
  title = "{Understanding Change}",
  publisher = "{Butterworth-Heinemann}",
  address = {Oxford, UK},
  year = 2006,
}



%% psychology and others

@book{Daw04,
  author = {Dawkins, R.},
  title = "{The Ancestor's Tale -- A Pilgrimage to the Dawn of Life}",
  publisher = "{Houghton Mifflin}",
  address = {Boston, MA},
  year = 2004,
}

@book{WK06,
  editor = {Wimmer, A. and K\"{o}ssler, R.},
  title = "{Understanding Change -- Models, Methologies, and Metapohors}",
  publisher = "{Palgrave MacMillan}",
  address = {Houndmills, UK},
  year = 2006,
}

@incollection{Fon06,
   author =   {Fontana, W.},
   title =    "{The Topology of the Possible}",
   chapter =  5,
   pages =    {67--88},
  editor =    {Wimmer, A. and K\"{o}ssler, R.},
  booktitle = "{Understanding Change -- Models, Methologies, and Metapohors}",
  publisher = "{Palgrave MacMillan}",
  address = {Houndmills, UK},
  year = 2006,
}

@incollection{Bot06,
   author =   {Botkin, D.~B.},
   title =    "{The Nature of Change}",
   pages =    {6--11},
  booktitle = "{Forces of Change -- A New View of Nature}",
  publisher = "{National Geographic Society}",
  year = 2006,
}


@article{KJJ02,
  author = {Kay, A. and Jimenez, M.~C. and Jost, J.~T.},
  title = "{Sour Grapes, Sweet Lemons, and the Anticipatory Rationalization
of the Status Quo}",
  journal = "{Personality and Social Psychology Bulletin}",
  volume = 28,
  pages = {1300--1312},
  year = 2002
}

@article{SZ88,
  author = {Samuelson, W. and Zeckhauser, R.~J.},
  title = "{Status Quo Bias in Decision Making}",
  journal = "{Journal of Risk and Uncertainty}",
  volume = 1,
  pages = {7--59},
  year = 1988
}

% Revision Control and SCM

@article{Buc04,
  author = {Buckley, J. and Mens, T. and Zenger, M. and Rashid, A. and Kniesel, G.},
  title = {{Towards a Taxonomy of Software Change}},
  journal = {Journal of Software Maintenance and Evolution: Research and Practice},
  year = {2004}
}

misc{darcs,
  title = {{Darcs}},
  key = {Darcs},
  note = {{\small \tt http://darcs.net}},
}

% USED!
@article{PW93,
  author = {Plaice, J. and Wadge, W.~W.},
  title = {{A New Approach to Version Control}},
  journal = TSE,
  volume = {19},
  number = {3},
  pages = {268--276},
  year = {1993},
}

% USED!
@inproceedings{Rou05,
  author = {Roundy, D.},
  title = {{Darcs: Distributed Version Management in Haskell}},
  booktitle = {ACM SIGPLAN Workshop on Haskell},
  pages = {1--4},
  publisher = {ACM Press New York, NY, USA},
  year = {2005},
}

@article{Tic82,
  author = {Tichy, W.~F.},
  title = {{Design, Implementation, and Evaluation of a Revision Control System}},
  journal = ICSE,
  pages = {58--67},
  year = {1982},
}

% USED!
@article{WMC01,
  author = {Westfechtel, B. and Munch, B.~P. and Conradi, R.},
  title = {{A Layered Architecture for Uniform Version Management}},
  journal = TSE,
  volume = 27,
  number = 12,
  pages = {1111--1133},
  year = {2001}
}

% USED!
@article{WS98,
  title = {{High-level Best Practices in Software Configuration Management}},
  author = {Wingerd, L. and Seiwald, C.},
  journal = {Lecture notes in computer science},
  pages = {57--66},
  year = {1998},
}


% Software Merging

@article{Ask94,
  author = {Asklund, U.},
  journal = {Nordic Workshop on Programming Environment Research},
  title = {{Identifying Conflicts During Structural Merge}},
  year = {1994},
}


@inproceedings{Wes91,
  title = {{Structure-Oriented Merging of Revisions of Software Documents}},
  author = {Westfechtel, B.},
  booktitle = {{Int.\ Workshop on Software Configuration Management}},
  pages = {68--79},
  year = {1991},
}


% Product Lines

@article{BPS04,
 author = {Beuche, Danilo and Papajewski, Holger and Schr\"{o}der-Preikschat, Wolfgang},
 title = "{Variability Management with Feature Models}",
 journal = SCP,
 volume = {53},
 number = {3},
 year = {2004},
 issn = {0167-6423},
 pages = {333--352},
 doi = {http://dx.doi.org/10.1016/j.scico.2003.04.005},
}

@inproceedings{HV07,
 author = {Hendrickson, Scott A. and van der Hoek, Andre},
 title = "{Modeling Product Line Architectures Through Change Sets and Relationships}",
 booktitle = ICSE,
 year = {2007},
 isbn = {0-7695-2828-7},
 pages = {189--198},
 doi = {http://dx.doi.org/10.1109/ICSE.2007.56},
}

@article{EFB01,
  title={{Aspect-Oriented Programming}},
  author={Elrad, T. and Filman, R.~E. and Bader, A.},
  journal=CACM,
  volume={44},
  number={10},
  pages={28--32},
  year={2001}
}

% USED!
@inproceedings{MO03,
 author = {Mezini, M. and Ostermann, K.},
 title = "{Conquering Aspects with Caesar}",
 booktitle = AOSD,
 year = {2003},
 isbn = {1-58113-660-9},
 pages = {90--99},
 location = {Boston, Massachusetts},
 doi = {http://doi.acm.org/10.1145/643603.643613},
 }

 @article{Downey80:VCS,
 author = {Downey, Peter J. and Sethi, Ravi and Tarjan, Robert Endre},
 title = {{Variations on the Common Subexpression Problem}},
 journal = JACM,
 issue_date = {Oct. 1980},
 volume = {27},
 number = {4},
 month = oct,
 year = {1980},
 issn = {0004-5411},
 pages = {758--771},
 numpages = {14},
 url = {http://doi.acm.org/10.1145/322217.322228},
 doi = {10.1145/322217.322228},
 acmid = {322228},
}

@article{Nelson80:FDP,
 author = {Nelson, Greg and Oppen, Derek C.},
 title = {{Fast Decision Procedures Based on Congruence Closure}},
 journal = JACM,
 issue_date = {April 1980},
 volume = {27},
 number = {2},
 month = apr,
 year = {1980},
 issn = {0004-5411},
 pages = {356--364},
 numpages = {9},
 url = {http://doi.acm.org/10.1145/322186.322198},
 doi = {10.1145/322186.322198},
 acmid = {322198},
}

@incollection{BS01,
   author =   {Baader, F. and Snyder, W.},
   title =    "{Unification Theory}",
   editor =    {Robinson, A. and Voronkov, A.},
   booktitle = "{Handbook of Automated Reasoning}",
   chapter =  8,
   publisher = {Elsevier Science Publishers},
   address =   {Amsterdam, NL},
   pages = "445--533",
   year =      2001,
}

@inproceedings{Miao10:ITT,
 author = {Miao, Weiyu and Siek, Jeremy G.},
 title = {{Incremental Type-checking for Type-Reflective Metaprograms}},
 booktitle = GPCE,
 series = {GPCE '10},
 year = {2010},
 pages = {167--176},
 numpages = {10},
}

@book{Stroustrup:DEC,
 author = {Stroustrup, Bjarne},
 title = {The Design and Evolution of C++},
 year = {1994},
 publisher = {ACM Press},
}

@inproceedings{Garcia09:TFT,
 author = {Garcia, Ronald and Lumsdaine, Andrew},
 title = {{Toward Foundations for Type-Reflective Metaprogramming}},
 booktitle = GPCE,
 series = {GPCE '09},
 year = {2009},
 pages = {25--34},
 numpages = {10},
}

@inproceedings{Veldhuizen06:TM,
 author = {Veldhuizen, Todd L.},
 title = {Tradeoffs in Metaprogramming},
 booktitle = PEPM,
 series = {PEPM '06},
 year = {2006},
 pages = {150--159},
}

@article{Sheard02:TMH,
 author = {Sheard, Tim and Jones, Simon Peyton},
 title = {{Template Meta-programming for Haskell}},
 journal = {SIGPLAN Not.},
 volume = {37},
 number = {12},
 month = dec,
 year = {2002},
 pages = {60--75},
 numpages = {16},
}

@inproceedings{Ganz01:MMC,
 author = {Ganz, Steven E. and Sabry, Amr and Taha, Walid},
 title = {Macros as Multi-Stage Computations: Type-Safe, Generative, Binding Macros in MacroML},
 booktitle = ICFP,
 year = {2001},
 pages = {74--85},
 numpages = {12},
}

@book{Abrahams04:CTM,
 author = {Abrahams, David and Gurtovoy, Aleksey},
 title = {C++ Template Metaprogramming: Concepts, Tools, and Techniques from Boost and Beyond},
 year = {2004},
 publisher = {Addison-Wesley Professional},
}

@book{Austern98:GP,
 author = {Matthew H. Austern},
 title = {Generic Programming and the STL: Using and Extending the C++ Standard Template Library},
 year = {1998},
 publisher = {Addison-Wesley Longman},
}

@PhdThesis{Garcia08:SCR,
author = {Ronald Garcia},
title = {{Static Computation and Reflection}},
school = {Indiana University},
year = 2008,
month = {September},
}


@inproceedings{Gregor06:CLS,
 author = {Gregor, Douglas and J\"{a}rvi, Jaakko and Siek, Jeremy and Stroustrup, Bjarne and Dos Reis, Gabriel and Lumsdaine, Andrew},
 title = {{Concepts: Linguistic Support for Generic Programming in C++}},
 booktitle = OOPSLA,
 series = {OOPSLA '06},
 year = {2006},
 pages = {291--310},
 numpages = {20},
}

@inproceedings{Taha97:MPE,
 author = {Taha, Walid and Sheard, Tim},
 title = {Multi-Stage Programming with Explicit Annotations},
 booktitle = PEPM,
 series = {PEPM '97},
 year = {1997},
 isbn = {0-89791-917-3},
 location = {Amsterdam, The Netherlands},
 pages = {203--217},
 numpages = {15},
 url = {http://doi.acm.org/10.1145/258993.259019},
 doi = {10.1145/258993.259019},
 acmid = {259019},
}

@inproceedings{Taha03:EC,
 author = {Taha, Walid and Nielsen, Michael Florentin},
 title = {Environment Classifiers},
 booktitle = POPL,
 series = {POPL '03},
 year = {2003},
 isbn = {1-58113-628-5},
 location = {New Orleans, Louisiana, USA},
 pages = {26--37},
 numpages = {12},
 url = {http://doi.acm.org/10.1145/604131.604134},
 doi = {10.1145/604131.604134},
 acmid = {604134},
 keywords = {linear temporal logic, modal logic, multi-stage programming, type safety, type systems},
}

@inproceedings{Siek08:GTU,
 author = {Siek, Jeremy G. and Vachharajani, Manish},
 title = {Gradual Typing with Unification-based Inference},
 booktitle = {Symposium on Dynamic languages},
 series = {DLS '08},
 year = {2008},
 isbn = {978-1-60558-270-2},
 location = {Paphos, Cyprus},
 pages = {7:1--7:12},
 articleno = {7},
 numpages = {12},
 url = {http://doi.acm.org/10.1145/1408681.1408688},
 doi = {10.1145/1408681.1408688},
 acmid = {1408688},
 keywords = {dynamic typing, gradual typing, simply typed lambda calculus, static typing, type inference, unification},
}

@inproceedings{Siek07:GTO,
 author = {Siek, Jeremy and Taha, Walid},
 title = {Gradual Typing for Objects},
 booktitle = ECOOP,
 series = {ECOOP '07},
 year = {2007},
 isbn = {978-3-540-73588-5},
 location = {Berlin, Germany},
 pages = {2--27},
 numpages = {26},
 url = {http://dx.doi.org/10.1007/978-3-540-73589-2_2},
 doi = {10.1007/978-3-540-73589-2_2},
 acmid = {1420964},
}

@inproceedings{kastner11:VAP,
	author={Christian K{\"a}stner and Paolo G. Giarrusso and Tillmann Rendel and Sebastian Erdweg and Klaus Ostermann and Thorsten Berger},
	location={Portland, OR},
	pdf={pdf/oopsla11_typechef.pdf},
	pubisher={ACM Press},
	pages={805--824},
	year={2011},
	booktitle=OOPSLA,
	title={Variability-Aware Parsing in the Presence of Lexical Macros and Conditional Compilation},
	doi={http://dx.doi.org/10.1145/2048066.2048128},
	month={10},
}

@inproceedings{LKA:AOSD11,
	author={J{\"o}rg Liebig and Christian K{\"a}stner and Sven Apel},
	pdf={pdf/AOSD11.pdf},
	pubisher={ACM Press},
	pages={191--202},
	year={2011},
	booktitle=AOSD,
	title={Analyzing the Discipline of Preprocessor Annotations in 30 Million Lines of C Code},
	acm={http://dl.acm.org/authorize?473237},
	month={3},
}

@article{Kastner12:TCA,
 author = {K\"{a}stner, Christian and Apel, Sven and Th\"{u}m, Thomas and Saake, Gunter},
 title = {{Type Checking Annotation-Based Product Lines}},
 journal = TOSEM,
 issue_date = {2012},
 volume = {21},
 number = {3},
 year = {2012},
 issn = {1049-331X},
 pages = {14:1--14:39},
 articleno = {14},
 numpages = {39},
 url = {http://doi.acm.org/10.1145/2211616.2211617},
 doi = {10.1145/2211616.2211617},
 acmid = {2211617},
 keywords = {\#ifdef, CFJ, CIDE, Featherweight Java, conditional compilation, software product lines, type system},
}


@inproceedings{KAS:RAMSE06,
	author={Christian K{\"a}stner and Sven Apel and Gunter Saake},
	location={Nantes, France},
	pdf={pdf/RAM-SE2006.pdf},
	pubisher={University of Magdeburg},
	pages={111--122},
	year={2006},
	booktitle={Workshop on Reflection, AOP and Meta-Data for Software Evolution (RAM-SE)},
	title={Implementing Bounded Aspect Quantification in AspectJ},
	month={7},
}

@techreport{AKLS:06,
	number={FIN-2006-10},
	author={Sven Apel and Christian K{\"a}stner and Thomas Leich and Gunter Saake},
	pdf={pdf/TechReport_10_2006.pdf},
	institution={University of Magdeburg},
	pubisher={University of Magdeburg},
	year={2006},
	address={Magdeburg, Germany},
	title={Aspect Refinement},
	month={8},
}

@article{AKKL:iX06,
	number={10},
	author={Sven Apel and Christian K{\"a}stner and Martin Kuhlemann and Thomas Leich},
	url={http://www.heise.de/kiosk/archiv/ix/06/10/116_Objektorientierte_Grenzen},
	journal={iX Magazin f��r Professionelle Informationstechnik},
	pages={116--122},
	year={2006},
	title={Modularit?t von Softwarebausteinen: Aspekte versus Merkmale},
	month={10},
}

@misc{K:07,
	author={Christian K{\"a}stner},
	pdf={pdf/thesis_final.pdf},
	institution={University of Magdeburg},
	pubisher={University of Magdeburg},
	year={2007},
	address={Magdeburg, Germany},
	title={Aspect-Oriented Refactoring of Berkeley DB},
	month={3},
}

@inproceedings{AKT:ACoM07,
	author={Sven Apel and Christian K{\"a}stner and Salvador Trujillo},
	location={Minneapolis, MN, USA},
	pdf={pdf/ACoM2007.pdf},
	pubisher={IEEE Computer Society},
	year={2007},
	booktitle={ICSE Workshop on Assessment of Contemporary Modularization Techniques},
	title={On the Necessity of Empirical Studies in the Assessment of Modularization Mechanisms for Crosscutting Concerns},
	month={5},
}
@article{AKLS:JOT07,
	number={9},
	author={Sven Apel and Christian K{\"a}stner and Thomas Leich and Gunter Saake},
	url={http://www.jot.fm/issues/issue_2007_10/paper1/index.html},
	pdf={pdf/TOOLS2007.pdf},
	journal=JOT,
	pages={13--33},
	year={2007},
	note={Special Issue: TOOLS EUROPE 2007},
	title={Aspect Refinement - Unifying AOP and Stepwise Refinement},
	volume={6},
	month={10},
}
@inproceedings{KAB:SPLC07,
	author={Christian K{\"a}stner and Sven Apel and Don Batory},
	location={Kyoto, Japan},
	pdf={pdf/splc07.pdf},
	pubisher={IEEE Computer Society},
	pages={223--232},
	year={2007},
	booktitle=SPLC,
	title={A Case Study Implementing Features Using AspectJ},
	month={9},
}
@inproceedings{K:SPLC07,
	author={Christian K{\"a}stner},
	location={Kyoto, Japan},
	pdf={pdf/splc07demo.pdf},
	pages={149--150},
	year={2007},
	booktitle=SPLC,
	title={CIDE: Decomposing Legacy Applications into Features},
}
@inproceedings{KKB:WRT07,
	author={Christian K{\"a}stner and Martin Kuhlemann and Don Batory},
	location={Berlin, Germany},
	pdf={pdf/ecooprefactoring.pdf},
	pubisher={TU Berlin},
	pages={62--63},
	year={2007},
	booktitle={ECOOP Workshop on Refactoring Tools (WRT)},
	title={Automating Feature-Oriented Refactoring of Legacy Applications},
	month={7},
}
@techreport{ALBMK:07,
	number={MIP-0706},
	author={Sven Apel and Christian Lengauer and Don Batory and Bernhard M{\"o}ller and Christian K{\"a}stner},
	pdf={pdf/mip-0706.pdf},
	institution={Department of Informatics and Mathematics, University of Passau},
	pubisher={Department of Informatics and Mathematics, University of Passau},
	year={2007},
	address={Passau, Germany},
	title={An Algebra for Feature-Oriented Software Development},
	month={7},
}
@inproceedings{TKA:SOAPL07,
	author={Salvador Trujillo and Christian K{\"a}stner and Sven Apel},
	location={Kyoto, Japan},
	pubisher={SEI},
	pages={69--76},
	year={2007},
	booktitle={SPLC Workshop on  Service-Oriented Architectures and Product Lines (SOAPL)},
	title={Product Lines that Supply Other Product Lines: A Service-Oriented Approach},
	month={9},
}
@article{AKKL:ISSE07,
	number={3-4},
	author={Sven Apel and Christian K{\"a}stner and Martin Kuhlemann and Thomas Leich},
	url={http://www.springerlink.com/content/08m600873g3044t4/},
	pdf={pdf/isse2007.pdf},
	journal={Innovations in Systems and Software Engineering (ISSE)},
	pages={281--289},
	year={2007},
	title={Pointcuts, Advice, Refinements, and Collaborations: Similarities, Differences, and Synergies},
	volume={3},
	month={12},
}
@inproceedings{KK:AOPLE07,
	author={Martin Kuhlemann and Christian K{\"a}stner},
	location={Salzburg, Austria},
	pdf={pdf/aople07.pdf},
	pages={14--19},
	year={2007},
	booktitle={GPCE Workshop on Aspect-Oriented Product Line Engineering (AOPLE)},
	title={Reducing the Complexity of AspectJ Mechanisms for Recurring Extensions},
}
@inproceedings{SKRKS:VaMoS08,
	author={Norbert Siegmund and Martin Kuhlemann and Marko Rosenm{\"u}ller and Christian K{\"a}stner and Gunter Saake},
	location={Essen, Germany},
    url={http://www.icb.uni-due.de/fileadmin/ICB/research/research_reports/icb_report_22.pdf},
	pdf={pdf/vamos08.pdf},
	pubisher={University of Duisburg-Essen},
	pages={25--23},
	year={2008},
	booktitle= VaMoS,
	title={Integrated Product Line Model for Semi-Automated Product Derivation Using Non-Functional Properties},
	month={1},
}
@inproceedings{KAK:ICSE08,
	author={Christian K{\"a}stner and Sven Apel and Martin Kuhlemann},
	location={Leipzig, Germany},
	pdf={pdf/icse2008.pdf},
	pubisher={ACM Press},
	pages={311--320},
	year={2008},
	booktitle=ICSE,
	epub={pdf/icse2008_ereader.pdf},
	title={Granularity in Software Product Lines},
	acm={http://dl.acm.org/authorize?063977},
	doi={http://dx.doi.org/10.1145/1368088.1368131},
	month={5},
}
@inproceedings{AKL:SDSOA08,
	author={Sven Apel and Christian K{\"a}stner and Christian Lengauer},
	location={Leipzig, Germany},
	pdf={pdf/sdsoa2008.pdf},
	pubisher={ACM Press},
	pages={53--58},
	year={2008},
	booktitle={ICSE Workshop on Systems Development in SOA Environments (SDSOA)},
	title={Research Challenges in the Tension Between Features and Services},
	doi={http://dx.doi.org/10.1145/1370916.1370930},
	month={5},
}
@techreport{KATKB:08,
	number={FIN-2008-02},
	author={Christian K{\"a}stner and Sven Apel and Salvador Trujillo and Martin Kuhlemann and Don Batory},
	pdf={pdf/gcidetech.pdf},
	institution={University of Magdeburg},
	pubisher={University of Magdeburg},
	year={2008},
	address={Magdeburg, Germany},
	title={Language-Independent Safe Decomposition of Legacy Applications into Features},
	month={3},
}
@techreport{AKL:08,
	number={MIP-0802},
	author={Sven Apel and Christian K{\"a}stner and Christian Lengauer},
	pdf={pdf/ffjtech.pdf},
	institution={Department of Informatics and Mathematics, University of Passau},
	pubisher={Department of Informatics and Mathematics, University of Passau},
	year={2008},
	address={Passau, Germany},
	title={An Overview of Feature Featherweight Java},
	month={4},
}
@inproceedings{ALMK:AMAST08,
	author={Sven Apel and Christian Lengauer and Bernhard M{\"o}ller and Christian K{\"a}stner},
	series={Lecture Notes in Computer Science},
	pdf={pdf/AMAST08.pdf},
	pubisher={Springer-Verlag},
	pages={36--50},
	year={2008},
	booktitle=AMAST,
	title={An Algebra for Features and Feature Composition},
	doi={http://dx.doi.org/10.1007/978-3-540-79980-1_4},
	volume={5140},
	month={7},
}
@inproceedings{KA:ASE08,
	author={Christian K{\"a}stner and Sven Apel},
	location={L'Aquila, Italy},
	pdf={pdf/ASE08.pdf},
	pubisher={IEEE Computer Society},
	pages={258--267},
	year={2008},
	booktitle=ASE,
	title={Type-checking Software Product Lines -- A Formal Approach},
	doi={http://dx.doi.org/10.1109/ASE.2008.36},
	month={9},
}
@inproceedings{KKB:GPCE08,
	author={Chang Hwan Peter Kim and Christian K{\"a}stner and Don Batory},
	location={Nashville, TN, USA},
	pdf={pdf/GPCE08-Kim.pdf},
	pubisher={ACM Press},
	pages={23--34},
	year={2008},
	vurl={http://program-transformation.org/GPCE08},
	booktitle=GPCE,
	title={On the Modularity of Feature Interactions},
	acm={http://dl.acm.org/authorize?036803},
	doi={http://dx.doi.org/10.1145/1449913.1449919},
	month={8},
}
@inproceedings{AKB:GPCE08,
	author={Sven Apel and Christian K{\"a}stner and Don Batory},
	location={Nashville, TN, USA},
	pdf={pdf/GPCE08-FA.pdf},
	pubisher={ACM Press},
	pages={161--170},
	year={2008},
	vurl={http://program-transformation.org/GPCE08},
	booktitle=GPCE,
	title={Program Refactoring using Functional Aspects},
	acm={http://dl.acm.org/authorize?036826},
	doi={http://dx.doi.org/10.1145/1449913.1449938},
	month={8},
}
@inproceedings{AKL:GPCE08,
	author={Sven Apel and Christian K{\"a}stner and Christian Lengauer},
	location={Nashville, TN, USA},
	pdf={pdf/GPCE08-FFJ.pdf},
	pubisher={ACM Press},
	pages={101--112},
	year={2008},
	vurl={http://program-transformation.org/GPCE08},
	booktitle=GPCE,
	title={Feature Featherweight Java: A Calculus for Feature-Oriented Programming and Stepwise Refinement},
	acm={http://dl.acm.org/authorize?036811},
	doi={http://dx.doi.org/10.1145/1449913.1449931},
	month={8},
}
@inproceedings{KTA:ViSPLE08,
	author={Christian K{\"a}stner and Salvador Trujillo and Sven Apel},
	location={Limerick, Ireland},
	pdf={pdf/ViSPLE08.pdf},
	pages={303--313},
	year={2008},
	booktitle={SPLC Workshop on Visualisation in Software Product Line Engineering (ViSPLE)},
	title={Visualizing Software Product Line Variabilities in Source Code},
	month={9},
}
@inproceedings{PKS:APSEC08,
	author={Mario Pukall and Christian K{\"a}stner and Gunter Saake},
	location={Beijing, China},
	pdf={pdf/APSEC08-runtime.pdf},
	pubisher={IEEE Computer Society},
	pages={85--92},
	year={2008},
	booktitle={Asia-Pacific Software Engineering Conference (APSEC)},
	title={Towards Unanticipated Runtime Adaptation of Java Applications},
	month={12},
}
@inproceedings{SRKKS:APSEC08,
	author={Norbert Siegmund and Marko Rosenm{\"u}ller and Martin Kuhlemann and Christian K{\"a}stner and Gunter Saake},
	location={Beijing, China},
	pdf={pdf/APSEC08-nfp.pdf},
	pubisher={IEEE Computer Society},
	pages={187--194},
	year={2008},
	booktitle={Asia-Pacific Software Engineering Conference (APSEC)},
	title={Measuring Non-functional Properties in Software Product Lines for Product Derivation},
	month={12},
}
@inproceedings{RSuK:McGPLE08,
	author={Marko Rosenm{\"u}ller and Norbert Siegmund and Syed Saif ur Rahman and Christian K{\"a}stner},
	location={Nashville, TN, USA},
	pdf={pdf/McGPLE08_dep.pdf},
	pubisher={Department of Informatics and Mathematics, University of Passau},
	pages={13--18},
	year={2008},
	booktitle={GPCE Workshop on Modularization, Composition and Generative Techniques for Product Line Engineering (McGPLE)},
	title={Modeling Dependent Software Product Lines},
	month={10},
}
@inproceedings{KA:McGPLE08,
	author={Christian K{\"a}stner and Sven Apel},
	location={Nashville, TN, USA},
	pdf={pdf/McGPLE08.pdf},
	pubisher={Department of Informatics and Mathematics, University of Passau},
	pages={35--40},
	year={2008},
	booktitle={GPCE Workshop on Modularization, Composition and Generative Techniques for Product Line Engineering (McGPLE)},
	title={Integrating Compositional and Annotative Approaches for Product Line Engineering},
	month={10},
}
@inproceedings{AKL:ICSE09,
	author={Sven Apel and Christian K{\"a}stner and Christian Lengauer},
	location={Vancouver, Canada},
	pdf={pdf/icse2009_fh.pdf},
	pubisher={IEEE Computer Society},
	pages={221--231},
	year={2009},
	booktitle=ICSE,
	title={FeatureHouse: Language-Independent, Automated Software Composition},
	month={5},
}
@techreport{AKGL:08,
	number={MIP-0806},
	author={Sven Apel and Christian K{\"a}stner and Armin Gr{\"o}{\ss}linger and Christian Lengauer},
	pdf={pdf/mip-0806.pdf},
	institution={Department of Informatics and Mathematics, University of Passau},
	pubisher={Department of Informatics and Mathematics, University of Passau},
	year={2008},
	address={Passau, Germany},
	title={On Feature Orientation and Functional Programming},
	month={11},
}
@inproceedings{AKL:SE09,
	author={Sven Apel and Christian K{\"a}stner and Christian Lengauer},
	series={Lecture Notes in Informatics},
	location={Kaiserslautern, Germany},
	url={http://www.gi-ev.de/service/publikationen/lni/gi-edition-proceedings-2009/gi-edition-lecture-notes-in-informatics-lni-p-143.html},
	pdf={pdf/SE2009.pdf},
	pages={101--112},
	year={2009},
	booktitle={Software Engineering 2009 -- Fachtagung des GI-Fachbereichs Softwaretechnik (SE)},
	title={Vergleich und Integration von Komposition und Annotation zur Implementierung von Produktlinien},
	volume={P-143},
	month={3},
}
@inproceedings{SKRHAS:BTW09,
	author={Norbert Siegmund and Christian K{\"a}stner and Marko Rosenm{\"u}ller and Florian Heidenreich and Sven Apel and Gunter Saake},
	series={Lecture Notes in Informatics},
	location={M��nster, Germany},
	url={http://www.gi-ev.de/service/publikationen/lni/gi-edition-proceedings-2009/gi-edition-lecture-notes-in-informatics-lni-p-144.html},
	pdf={pdf/btw09_gap.pdf},
	pages={297--306},
	year={2009},
	booktitle={13. GI-Fachtagung Datenbanksysteme f��r Business, Technologie und Web (BTW)},
	title={Bridging the Gap between Variability in Client Application and Database Schema},
	volume={P-144},
	month={3},
}

@inproceedings{RKSSALS:BTW09,
	author={Marko Rosenm{\"u}ller and Christian K{\"a}stner and Norbert Siegmund and Sagar Sunkle and Sven Apel and Thomas Leich and Gunter Saake},
	series={Lecture Notes in Informatics},
	location={M��nster, Germany},
	url={http://www.gi-ev.de/service/publikationen/lni/gi-edition-proceedings-2009/gi-edition-lecture-notes-in-informatics-lni-p-144.html},
	pdf={pdf/btw09_sql.pdf},
	pages={117--136},
	year={2009},
	booktitle={GI-Fachtagung Datenbanksysteme f��r Business, Technologie und Web (BTW)},
	title={SQL �� la Carte -- Toward Tailor-made Data Management},
	volume={P-144},
	month={3},
}

@inproceedings{KTSFLWA:ICSE09,
	author={Christian K{\"a}stner and Thomas Th{\"u}m and Gunter Saake and Janet Feigenspan and Thomas Leich and Fabian Wielgorz and Sven Apel},
	pdf={pdf/icse2009_featureide_demo.pdf},
	pages={611--614},
	year={2009},
	note={Formal Demonstration paper},
	booktitle=ICSE,
	title={FeatureIDE: Tool Framework for Feature-Oriented Software Development},
	month={5},
}
@inproceedings{KATKB:TOOLSEUROPE09,
	author={Christian K{\"a}stner and Sven Apel and Salvador Trujillo and Martin Kuhlemann and Don Batory},
	series={Lecture Notes in Business Information Processing},
	location={Zurich, Switzerland},
	url={http://www.springerlink.com/content/t8752407443k83j2},
	pdf={pdf/tools09.pdf},
	pages={175--194},
	year={2009},
	booktitle={Int.\ Conf.\ Objects, Models, Components, Patterns (TOOLS EUROPE)},
	title={Guaranteeing Syntactic Correctness for all Product Line Variants: A Language-Independent Approach},
	doi={http://dx.doi.org/10.1007/978-3-642-02571-6},
	volume={33},
	month={6},
}
@inproceedings{BAK:SC09,
	author={Stefan Boxleitner and Sven Apel and Christian K{\"a}stner},
	series={Lecture Notes in Computer Science},
	location={Zurich, Switzerland},
	url={http://www.springerlink.com/content/p2p728q15r347576/},
	pdf={pdf/sc09_mod.pdf},
	pages={45--54},
	year={2009},
	note={Short Paper},
	booktitle={Int.\ Conf.\ on Software Composition},
	title={Language-Independent Quantification and Weaving for Feature Composition},
	doi={http://dx.doi.org/10.1007/978-3-642-02655-3_5},
	volume={5634},
	month={7},
}
@inproceedings{AKGL:SC09,
	author={Sven Apel and Christian K{\"a}stner and Armin Gr{\"o}{\ss}linger and Christian Lengauer},
	series={Lecture Notes in Computer Science},
	url={http://www.springerlink.com/content/m0q4530571t18042/},
	pdf={pdf/sc09_fc.pdf},
	pages={9--26},
	year={2009},
	booktitle={Int.\ Conf.\ on Software Composition},
	title={Feature (De)composition in Functional Programming},
	doi={http://dx.doi.org/10.1007/978-3-642-02655-3_3},
	volume={5634},
	month={7},
}
@inproceedings{AJTK:ICMT09,
	author={Sven Apel and Florian Janda and Salvador Trujillo and Christian K{\"a}stner},
	series={Lecture Notes in Computer Science},
	url={http://www.springerlink.com/content/2k512285p2lv6j04/},
	pdf={pdf/icmt09.pdf},
	pages={4--19},
	year={2009},
	booktitle={Int.\ Conf.\ on Model Transformation (ICMT)},
	title={Model Superimposition in Software Product Lines},
	doi={http://dx.doi.org/10.1007/978-3-642-02408-5_2},
	volume={5563},
	month={6},
}
@article{SPAK:TOSEM10,
	number={1},
	author={Friedrich Steimann and Thomas Pawlitzki and Sven Apel and Christian K{\"a}stner},
	pdf={pdf/TOSEM2009.pdf},
	journal = TOSEM,
	pages={Article 1; 43 pages},
	year={2010},
	title={Types and Modularity for Implicit Invocation with Implicit Announcement},
	acm={http://dl.acm.org/authorize?387243},
	doi={http://dx.doi.org/10.1145/1767751.1767752},
	volume={20},
	month={6},
}
@inproceedings{KAS:09,
	number={0915},
	author={Christian K{\"a}stner and Sven Apel and Gunter Saake},
	url={http://www.informatik.uni-kiel.de/ifi/forschung/technische-berichte/bericht/?tx_publication_pi1%5Bsingle%5D=162},
	pages={37--38},
	year={2009},
	booktitle={Workshop der GI-Fachgruppe Programmiersprachen und Rechenkonzepte},
	title={Sichere Produktlinien: Herausforderungen f��r Syntax- und Typ-Pr��fungen},
	month={5},
}
@inproceedings{KAuRBS:SPLC09,
	author={Christian K{\"a}stner and Sven Apel and Syed Saif ur Rahman and Marko Rosenm{\"u}ller and Don Batory and Gunter Saake},
	pdf={pdf/splc09.pdf},
	pages={181--190},
	year={2009},
	booktitle=SPLC,
	title={On the Impact of the Optional Feature Problem: Analysis and Case Studies},
	month={8},
}
@techreport{KAK:09,
	number={FIN-2009-08},
	author={Christian K{\"a}stner and Sven Apel and Martin Kuhlemann},
	pdf={pdf/ljartech.pdf},
	institution={University of Magdeburg},
	pubisher={University of Magdeburg},
	year={2009},
	address={Magdeburg, Germany},
	title={LJ^AR: A Model of Refactoring Physically and Virtually Separated Features},
	month={5},
}
@techreport{AKGL:09,
	number={MIP-0909},
	author={Sven Apel and Christian K{\"a}stner and Armin Gr{\ss}linger and Christian Lengauer},
	url={http://arxiv.org/abs/1001.3604},
	pdf={pdf/mip-0909.pdf},
	institution={Department of Informatics and Mathematics, University of Passau},
	pubisher={Department of Informatics and Mathematics, University of Passau},
	year={2009},
	address={Passau, Germany},
	title={Type-Safe Feature-Oriented Product Lines},
	month={6},
}
@misc{AK:JOT09,
	number={5},
	author={Sven Apel and Christian K{\"a}stner},
	url={http://www.jot.fm/issues/issue_2009_07/column5/index.html},
	pdf={pdf/JOT09_OverviewFOSD.pdf},
	journal= JOT,
	pages={49--84},
	year={2009},
	note={Refereed Column},
	title={An Overview of Feature-Oriented Software Development},
	volume={8},
	month={July/August},
}
@inproceedings{KBK:GPCE09,
	author={Martin Kuhlemann and Don Batory and Christian K{\"a}stner},
	pages={177--185},
	year={2009},
	vurl={http://program-transformation.org/GPCE09},
	booktitle=GPCE,
	title={Safe Composition of Non-Monotonic Features},
	acm={http://dl.acm.org/authorize?131383},
	doi={http://dx.doi.org/10.1145/1621607.1621634},
	month={10},
}
@inproceedings{KAK:GPCE09,
	author={Christian K{\"a}stner and Sven Apel and Martin Kuhlemann},
	pdf={pdf/GPCE09-LJAR.pdf},
	pages={157--166},
	year={2009},
	vurl={http://program-transformation.org/GPCE09},
	booktitle=GPCE,
	title={A Model of Refactoring Physically and Virtually Separated Features},
	acm={http://dl.acm.org/authorize?131381},
	doi={http://dx.doi.org/10.1145/1621607.1621632},
	month={10},
}
@misc{KA:JOT09,
	number={6},
	author={Christian K{\"a}stner and Sven Apel},
	url={http://www.jot.fm/issues/issue_2009_09/column5/},
	pdf={pdf/jot09_vsoc.pdf},
	journal=JOT,
	pages={59--78},
	year={2009},
	note={Refereed Column},
	title={Virtual Separation of Concerns -- A Second Chance for Preprocessors},
	volume={8},
	month={9},
}
@inproceedings{ALKKL:FOSD09,
	author={Sven Apel and J{\"o}rg Liebig and Christian K{\"a}stner and Martin Kuhlemann and Thomas Leich},
	pdf={pdf/FOSD2009am.pdf},
	pages={27--34},
	year={2009},
	vurl={http://fosd.net/2009},
	booktitle=FOSD,
	title={An Orthogonal Access Modifier Model for Feature-Oriented Programming},
	doi={http://dx.doi.org/10.1145/1629716.1629723},
	month={10},
}
@inproceedings{FKAL:FOSD09,
	author={Janet Feigenspan and Christian K{\"a}stner and Sven Apel and Thomas Leich},
	pdf={pdf/FOSD09_emp.pdf},
	pages={55--62},
	year={2009},
	vurl={http://fosd.net/2009},
	booktitle=FOSD,
	title={How to Compare Program Comprehension in FOSD Empirically -- An Experience Report},
	doi={http://dx.doi.org/10.1145/1629716.1629728},
	month={10},
}
@misc{ACCKLN:09,
	location={Denver, CO, USA},
	url={http://portal.acm.org/citation.cfm?id=1629716},
	pdf={http://www.infosun.fim.uni-passau.de/cl/staff/apel/FOSD2009/FOSD2009_Printed_Proceedings.pdf},
	pubisher={ACM Press},
	year={2009},
	editor={Sven Apel and William R. Cook and Krzysztof Czarnecki and Christian K{\"a}stner and Neil Loughran and Oscar Nierstrasz},
	address={New York, NY},
	title=FOSD,
	month={10},
}
@techreport{PKGCS:09,
	number={FIN-2009-14},
	author={Mario Pukall and Christian K{\"a}stner and Sebastian G{\"o}tz and Walter Cazzola and Gunter Saake},
	url={http://www.cs.uni-magdeburg.de/Forschung/Technical+Reports/Technical+Reports+2009.html},
	pdf={pdf/fin-0914.pdf},
	institution={University of Magdeburg},
	pubisher={University of Magdeburg},
	year={2009},
	address={Magdeburg, Germany},
	title={Flexible Runtime Program Adaptations in Java -- A Comparison},
	month={11},
}

@misc{KKA:10,
	author={Martin Kuhlemann and Christian K{\"a}stner and Sven Apel},
	url={https://www.novapublishers.com/catalog/product_info.php?products_id=10125},
	pages={171--183},
	year={2010},
	booktitle={Java Software and Embedded Systems},
	title={Reducing Code Replication in Delegation-Based Java Programs},
}
@inproceedings{KAS:SE10,
	author={Christian K{\"a}stner and Sven Apel and Gunter Saake},
	series={Lecture Notes in Informatics},
	pdf={pdf/SE2010.pdf},
	pages={165--176},
	year={2010},
	booktitle={Software Engineering 2010 -- Fachtagung des GI-Fachbereichs Softwaretechnik (SE)},
	title={Virtuelle Trennung von Belangen (Pr?prozessor 2.0)},
	volume={P-159},
	month={2},
}
@inproceedings{ALLKC:VaMoS10,
	author={Sven Apel and J{\"o}rg Liebig and Christian Lengauer and Christian K{\"a}stner and William R. Cook},
	pdf={pdf/vamos10.pdf},
	pages={13--20},
	year={2010},
	booktitle=VaMoS,
	title={Semistructured Merge in Revision Control Systems},
	month={1},
}

@article{ALMK:SCP10,
	number={11},
	author={Sven Apel and Christian Lengauer and Bernhard M{\"o}ller and Christian K{\"a}stner},
	pdf={pdf/scp10.pdf},
	journal=SCP,
	pages={1022--1047},
	year={2010},
	title={An Algebraic Foundation for Automatic Feature-Based Program Synthesis},
	doi={http://dx.doi.org/10.1016/j.scico.2010.02.001},
	volume={75},
	month={11},
}
@inproceedings{FKFDA:ICPC10,
	author={Janet Feigenspan and Christian K{\"a}stner and Mathias Frisch and Raimund Dachselt and Sven Apel},
	pdf={pdf/icpc2010_demo.pdf},
	pages={34--35},
	year={2010},
	note={Demonstration paper},
	booktitle={Int.\ Conf.\ on Program Comprehension (ICPC)},
	title={Visual Support for Understanding Product Lines},
	doi={http://dx.doi.org/10.1109/ICPC.2010.15},
}
@misc{Kastner10:VSC,
	author={Christian K{\"a}stner},
	institution={Department of Mathematics and Computer Science, Philipps University Marburg},
	pubisher={Department of Mathematics and Computer Science, Philipps University Marburg},
	year={2010},
	note={Logos Verlag Berlin, isbn 978-3-8325-2527-9},
	address={Marburg, Germany},
	title={Virtual Separation of Concerns: Toward Preprocessors 2.0},
	doi={http://edoc.bibliothek.uni-halle.de/servlets/DocumentServlet?id=8044},
	month={5},
}
@inproceedings{SAK:GPCE10,
	author={Sandro Schulze and Sven Apel and Christian K{\"a}stner},
	pdf={pdf/GPCE2010_clones.pdf},
	pages={103--112},
	year={2010},
	vurl={http://program-transformation.org/GPCE10},
	booktitle= GPCE,
	title={Code Clones in Feature-Oriented Software Product Lines},
	acm={http://dl.acm.org/authorize?379692},
	month={10},
}
@inproceedings{ASLK:ISSRE10,
	author={Sven Apel and Wolfgang Scholz and Christian Lengauer and Christian K{\"a}stner},
	pdf={pdf/ISSRE2010.pdf},
	pages={161--170},
	year={2010},
	booktitle={IEEE Int.\ Symposium on Software Reliability Engineering},
	title={Dependences and Interactions in Feature-Oriented Design},
	month={10},
}
@article{AKLKKL:SCP12,
	number={3},
	author={Sven Apel and Sergiy S. Kolesnikov and J{\"o}rg Liebig and Christian K{\"a}stner and Martin Kuhlemann and Thomas Leich},
	pdf={pdf/SCP_FOSD2010.pdf},
	journal=SCP,
	pages={174--187},
	year={2012},
	title={Access Control in Feature-Oriented Programming},
	doi={http://dx.doi.org/10.1016/j.scico.2010.07.005},
	volume={77},
	month={3},
}
@inproceedings{ASLK:FOSD10,
	author={Sven Apel and Wolfgang Scholz and Christian Lengauer and Christian K{\"a}stner},
	pdf={pdf/FOSD10-ftweezer.pdf},
	pages={64--71},
	year={2010},
	vurl={http://fosd.net/2010},
	booktitle=FOSD,
	title={Language-Independent Reference Checking in Software Product Lines},
	acm={http://dl.acm.org/authorize?315789},
	month={10},
}
@inproceedings{KKHL:FOSD10,
	author={Andy Kenner and Christian K{\"a}stner and Steffen Haase and Thomas Leich},
	pdf={pdf/FOSD10-typechef.pdf},
	pages={25--32},
	year={2010},
	vurl={http://fosd.net/2010},
	booktitle=FOSD,
	title={TypeChef: Toward Type Checking #ifdef Variability in C},
	acm={http://dl.acm.org/authorize?315774},
	month={10},
}
@misc{ABCHKN:10,
	location={Eindhoven, The Netherlands},
	url={http://portal.acm.org/citation.cfm?id=1868688},
	pdf={pdf/FOSD2010proceedings.pdf},
	pubisher={ACM Press},
	year={2010},
	editor={Sven Apel and Don Batory and Krzysztof Czarnecki and Florian Heidenreich and Christian K{\"a}stner and Oscar Nierstrasz},
	address={New York, NY},
	title=FOSD,
	month={10},
}
@inproceedings{KGO:VaMoS11,
	author={Christian K{\"a}stner and Paolo G. Giarrusso and Klaus Ostermann},
	pdf={pdf/vamos11.pdf},
	pages={137--140},
	year={2011},
	booktitle=VaMoS,
	title={Partial Preprocessing C Code for Variability Analysis},
	acm={http://dl.acm.org/authorize?468359},
	month={1},
}
@inproceedings{LKA:AOSD11,
	author={J{\"o}rg Liebig and Christian K{\"a}stner and Sven Apel},
	pdf={pdf/AOSD11.pdf},
	pages={191--202},
	year={2011},
	booktitle=AOSD,
	title={Analyzing the Discipline of Preprocessor Annotations in 30 Million Lines of C Code},
	acm={http://dl.acm.org/authorize?473237},
	month={3},
}

@inproceedings{Reynolds74,
 author = {Reynolds, John C.},
 title = {Towards a Theory of Type Ttructure},
 booktitle = {Programming Symposium, Proceedings Colloque sur la Programmation},
 year = {1974},
 pages = {408--423},
}

@INPROCEEDINGS{Barendregt92,
    author = {Henk Barendregt and S. Abramsky and D. M. Gabbay and T. S. E. Maibaum and H. P. Barendregt},
    title = {Lambda Calculi with Types},
    booktitle = {Handbook of Logic in Computer Science},
    year = {1992},
    pages = {117--309},
}

@book{Pierce02,
 author = {Pierce, Benjamin C.},
 title = {Types and Programming Languages},
 year = {2002},
 publisher = {MIT Press},
 }

@article{mcbride2000,
  title={Dependently Typed Functional Programs and Their Proofs},
  author={McBride, C.},
  year={2000},
  publisher={University of Edinburgh. College of Science and Engineering. School of Informatics.}
}

@article{Pataki11:MOC,
 author = {Pataki, Norbert and Szgyi, Zal\'{a}n and D{\'e}vai, Gergely},
 title = {Measuring the Overhead of C++ Standard Template Library Safe Variants},
 journal = {Electron. Notes Theor. Comput. Sci.},
 issue_date = {July, 2011},
 volume = {264},
 number = {5},
 month = jul,
 year = {2011},
 issn = {1571-0661},
 pages = {71--83},
 numpages = {13},
 url = {http://dx.doi.org/10.1016/j.entcs.2011.06.005},
 doi = {10.1016/j.entcs.2011.06.005},
 acmid = {2008134},
 keywords = {C++ STL, container, iterator adaptor},
}

@inproceedings{Porkolab06:DCT,
 author = {Porkol\'{a}b, Zolt\'{a}n and Mihalicza, J\'{o}zsef and Sipos, \'{A}d\'{a}m},
 title = {Debugging C++ Template Metaprograms},
 booktitle = GPCE,
 series = {GPCE '06},
 year = {2006},
 isbn = {1-59593-237-2},
 location = {Portland, Oregon, USA},
 pages = {255--264},
 numpages = {10},
 url = {http://doi.acm.org/10.1145/1173706.1173746},
 doi = {10.1145/1173706.1173746},
 acmid = {1173746},
 keywords = {C++, debugging, template metaprogramming},
}

@inproceedings{Stroustrup07:ELR,
 author = {Stroustrup, Bjarne},
 title = {Evolving a Language in and for the Real World: C++ 1991-2006},
 booktitle = {ACM SIGPLAN Conf.\ on History of programming languages},
 series = {HOPL III},
 year = {2007},
 isbn = {978-1-59593-766-7},
 location = {San Diego, California},
 pages = {4-1--4-59},
 url = {http://doi.acm.org/10.1145/1238844.1238848},
 doi = {10.1145/1238844.1238848},
 acmid = {1238848},
 keywords = {C++, ISO, STL, evolution, history, language use, libraries, multi-paradigm programming, programming language, standardization},
}

@inproceedings{Siek06:SAC,
 author = {Siek, Jeremy and Taha, Walid},
 title = {{A Semantic Analysis of C++ Templates}},
 booktitle = ECOOP,
 series = {ECOOP'06},
 year = {2006},
 isbn = {3-540-35726-2, 978-3-540-35726-1},
 location = {Nantes, France},
 pages = {304--327},
 numpages = {24},
 url = {http://dx.doi.org/10.1007/11785477_19},
 doi = {10.1007/11785477_19},
 acmid = {2171353},
}

article{DosReis06:SCC,
 author = {Dos Reis, Gabriel and Stroustrup, Bjarne},
 title = {Specifying C++ Concepts},
 journal = {SIGPLAN Not.},
 issue_date = {January 2006},
 volume = {41},
 number = {1},
 month = jan,
 year = {2006},
 issn = {0362-1340},
 pages = {295--308},
 numpages = {14},
 url = {http://doi.acm.org/10.1145/1111320.1111064},
 doi = {10.1145/1111320.1111064},
 acmid = {1111064},
 keywords = {C++ concepts, C++ templates, generic programming, separate compilation, type systems},
}

@TECHREPORT{Reis05:FC,
  author =       {Gabriel Dos Reis and Bjarne Stroustrup},
  title =        {{A Formalism for C++}},
  institution =  {ISO/IEC SC22/JTC1/WG21},
  year =         {2005},
 month =        {October},
}

@inproceedings{Jarvi06:ASG,
 author = {J\"{a}rvi, Jaakko and Gregor, Douglas and Willcock, Jeremiah and Lumsdaine, Andrew and Siek, Jeremy},
 title = {{Algorithm Specialization in Generic Programming: Challenges of Constrained Generics in C++}},
 booktitle = PLDI,
 series = {PLDI '06},
 year = {2006},
 isbn = {1-59593-320-4},
 location = {Ottawa, Ontario, Canada},
 pages = {272--282},
 numpages = {11},
 url = {http://doi.acm.org/10.1145/1133981.1134014},
 doi = {10.1145/1133981.1134014},
 acmid = {1134014},
 keywords = {concepts, constrained generics, generic programming, parametric polymorphism, specialization},
}

@inproceedings{Siek05:ELS,
 author = {Siek, Jeremy G. and Lumsdaine, Andrew},
 title = {Essential Language Support for Generic Programming},
 booktitle = PLDI,
 series = {PLDI '05},
 year = {2005},
 isbn = {1-59593-056-6},
 location = {Chicago, IL, USA},
 pages = {73--84},
 numpages = {12},
 url = {http://doi.acm.org/10.1145/1065010.1065021},
 doi = {10.1145/1065010.1065021},
 acmid = {1065021},
 keywords = {C++, Haskell, generic programming, polymorphism, standard ML},
}

@inproceedings{Johann08:FSP,
 author = {Johann, Patricia and Ghani, Neil},
 title = {{Foundations for Structured Programming with GADTs}},
 booktitle = POPL,
 series = {POPL '08},
 year = {2008},
 isbn = {978-1-59593-689-9},
 location = {San Francisco, California, USA},
 pages = {297--308},
 numpages = {12},
 url = {http://doi.acm.org/10.1145/1328438.1328475},
 doi = {10.1145/1328438.1328475},
 acmid = {1328475},
 keywords = {GADTs, initial algebra semantics, program fusion},
}

@inproceedings{Chlipala10:USM,
 author = {Chlipala, Adam},
 title = {{Ur: Statically-Typed Metaprogramming with Type-Level Record Computation}},
 booktitle = PLDI,
 series = {PLDI '10},
 year = {2010},
 isbn = {978-1-4503-0019-3},
 location = {Toronto, Ontario, Canada},
 pages = {122--133},
 numpages = {12},
 url = {http://doi.acm.org/10.1145/1806596.1806612},
 doi = {10.1145/1806596.1806612},
 acmid = {1806612},
 keywords = {dependent types, metaprogramming},
}

@inproceedings{Fogarty07:CIT,
 author = {Fogarty, Seth and Pasalic, Emir and Siek, Jeremy and Taha, Walid},
 title = {{Concoqtion: Indexed Types Now!}},
 booktitle = PEPM,
 series = {PEPM '07},
 year = {2007},
 isbn = {978-1-59593-620-2},
 location = {Nice, France},
 pages = {112--121},
 numpages = {10},
 url = {http://doi.acm.org/10.1145/1244381.1244400},
 doi = {10.1145/1244381.1244400},
 acmid = {1244400},
}

@inproceedings{McBride12:AEP,
 author = {McBride, Conor Thomas},
 title = {{Agda-curious?: An Exploration of Programming with Dependent Types}},
 booktitle = ICFP,
 series = {ICFP '12},
 year = {2012},
 isbn = {978-1-4503-1054-3},
 location = {Copenhagen, Denmark},
 pages = {1--2},
 numpages = {2},
 url = {http://doi.acm.org/10.1145/2364527.2364529},
 doi = {10.1145/2364527.2364529},
 acmid = {2364529},
 keywords = {dependent types},
}

@inproceedings{Augustsson98:CLD,
 author = {Augustsson, Lennart},
 title = {Cayenne-A Language with Dependent Types}},
 booktitle = ICFP,
 series = {ICFP '98},
 year = {1998},
 isbn = {1-58113-024-4},
 location = {Baltimore, Maryland, USA},
 pages = {239--250},
 numpages = {12},
 url = {http://doi.acm.org/10.1145/289423.289451},
 doi = {10.1145/289423.289451},
 acmid = {289451},
 keywords = {dependent types, language design, module systems, type systems},
}

@article{Cheney03:FPT,
  title={First-Class Phantom Types},
  author={Cheney, J. and Hinze, R.},
  year={2003},
  publisher={Cornell University}
}

@inproceedings{Xi99:DTP,
 author = {Xi, Hongwei and Pfenning, Frank},
 title = {{Dependent Types in Practical Programming}},
 booktitle = POPL,
 series = {POPL '99},
 year = {1999},
 isbn = {1-58113-095-3},
 location = {San Antonio, Texas, USA},
 pages = {214--227},
 numpages = {14},
 url = {http://doi.acm.org/10.1145/292540.292560},
 doi = {10.1145/292540.292560},
 acmid = {292560},
}

@article{Paulin93:COQ,
  title={{Inductive Definitions in the System Coq Rules and Properties}},
  author={Paulin-Mohring, C.},
  journal={Typed Lambda Calculi and Applications},
  pages={328--345},
  year={1993},
}

@article{Huang11:MSS,
 author = {Huang, Shan Shan and Smaragdakis, Yannis},
 title = {{Morphing: Structurally Shaping a Class by Reflecting on Others}},
 journal = {ACM Trans. Program. Lang. Syst.},
 issue_date = {January 2011},
 volume = {33},
 number = {2},
 month = feb,
 year = {2011},
 issn = {0164-0925},
 pages = {6:1--6:44},
 articleno = {6},
 numpages = {44},
 url = {http://doi.acm.org/10.1145/1890028.1890029},
 doi = {10.1145/1890028.1890029},
 acmid = {1890029},
 keywords = {Metaprogramming, language extensions, morphing},
}



@inproceedings{Huang08:ESS,
 author = {Huang, Shan Shan and Smaragdakis, Yannis},
 title = {{Expressive and Safe Static Reflection with MorphJ}},
 booktitle = PLDI,
 series = {PLDI '08},
 year = {2008},
 isbn = {978-1-59593-860-2},
 location = {Tucson, AZ, USA},
 pages = {79--89},
 numpages = {11},
 url = {http://doi.acm.org/10.1145/1375581.1375592},
 doi = {10.1145/1375581.1375592},
 acmid = {1375592},
 keywords = {aspect-oriented programming, class morphing, language extensions, meta-programming, object-oriented programming, structural abstraction},
}

@inproceedings{Huang05:SSP,
 author = {Huang, Shan Shan and Zook, David and Smaragdakis, Yannis},
 title = {{Statically Safe Program Generation with Safegen}},
 booktitle = GPCE,
 series = {GPCE'05},
 year = {2005},
 isbn = {3-540-29138-5, 978-3-540-29138-1},
 location = {Tallinn, Estonia},
 pages = {309--326},
 numpages = {18},
 url = {http://dx.doi.org/10.1007/11561347_21},
 doi = {10.1007/11561347_21},
 acmid = {2156789},
}

@article{Apel10:TSF,
 author = {Apel, Sven and K\"{a}stner, Christian and Gr\"{o}{\upshape{\ss}}linger, Armin and Lengauer, Christian},
 title = {{Type Safety for Feature-Oriented Product Lines}},
 journal = {Automated Software Engineering},
 volume = {17},
 number = {3},
 year = {2010},
 issn = {0928-8910},
 pages = {251--300},
 numpages = {50},
 url = {http://dx.doi.org/10.1007/s10515-010-0066-8},
 doi = {10.1007/s10515-010-0066-8},
 acmid = {1825332},
 keywords = {Feature featherweight Java, Feature-oriented programming, Safe composition, Software product lines, Type systems},
}

@inproceedings{Delaware11:PLT,
 author = {Delaware, Benjamin and Cook, William and Batory, Don},
 title = {Product Lines of Theorems},
 booktitle = OOPSLA,
 year = {2011},
 isbn = {978-1-4503-0940-0},
 location = {Portland, Oregon, USA},
 pages = {595--608},
 numpages = {14},
 url = {http://doi.acm.org/10.1145/2048066.2048113},
 doi = {10.1145/2048066.2048113},
 acmid = {2048113},
 keywords = {feature-orientation, mechanized metatheory, product line verification},
}

@inproceedings{Apel13:SSP,
 author = {Apel, S. and von~Rhein, A. and Wendler, P. and Gr\"{o}{\ss}linger, A. and Beyer, D.},
 title = {{Strategies for Product-Line Verification: Case Studies and Experiments}},
 booktitle = ICSE,
 year = {2013},
 pages={482--491},
}

@inproceedings{Brabrand12:IDA,
 author = {Brabrand, Claus and Ribeiro, M\'{a}rcio and Tol\^{e}do, T\'{a}rsis and Borba, Paulo},
 title = {{Intraprocedural Dataflow Analysis for Software Product Lines}},
 booktitle = AOSD,
 year = {2012},
 isbn = {978-1-4503-1092-5},
 location = {Potsdam, Germany},
 pages = {13--24},
 numpages = {12},
 url = {http://doi.acm.org/10.1145/2162049.2162052},
 doi = {10.1145/2162049.2162052},
 acmid = {2162052},
 keywords = {dataflow analysis, software product lines},
}

@inproceedings{Classen11:SMC,
 author = {Classen, Andreas and Heymans, Patrick and Schobbens, Pierre-Yves and Legay, Axel},
 title = {{Symbolic Model Checking of Software Product Lines}},
 booktitle = ICSE,
 year = {2011},
 isbn = {978-1-4503-0445-0},
 location = {Waikiki, Honolulu, HI, USA},
 pages = {321--330},
 numpages = {10},
 url = {http://doi.acm.org/10.1145/1985793.1985838},
 doi = {10.1145/1985793.1985838},
 acmid = {1985838},
 keywords = {features, software product lines, specification},
}

@inproceedings{Cordy12:SAS,
 author = {Cordy, Maxime and Classen, Andreas and Perrouin, Gilles and Schobbens, Pierre-Yves and Heymans, Patrick and Legay, Axel},
 title = {{Simulation-based Abstractions for Software Product-Line Model Checking}},
 booktitle = ICSE,
 year = {2012},
 isbn = {978-1-4673-1067-3},
 location = {Zurich, Switzerland},
 pages = {672--682},
 numpages = {11},
 url = {http://dl.acm.org/citation.cfm?id=2337223.2337302},
 acmid = {2337302},
}

@inproceedings{Classen10:MCL,
 author = {Classen, Andreas and Heymans, Patrick and Schobbens, Pierre-Yves and Legay, Axel and Raskin, Jean-Fran\c{c}ois},
 title = {{Model Checking Lots of Systems: Efficient Verification of Temporal Properties in Software Product Lines}},
 booktitle = ICSE,
 year = {2010},
 isbn = {978-1-60558-719-6},
 location = {Cape Town, South Africa},
 pages = {335--344},
 numpages = {10},
 url = {http://doi.acm.org/10.1145/1806799.1806850},
 doi = {10.1145/1806799.1806850},
 acmid = {1806850},
 keywords = {features, software product lines, specification},
}

@inproceedings{Gazzillo12:SPC,
 author = {Gazzillo, Paul and Grimm, Robert},
 title = {{SuperC: Parsing all of C by Taming the Preprocessor}},
 booktitle = PLDI,
 year = {2012},
 isbn = {978-1-4503-1205-9},
 location = {Beijing, China},
 pages = {323--334},
 numpages = {12},
 url = {http://doi.acm.org/10.1145/2254064.2254103},
 doi = {10.1145/2254064.2254103},
 acmid = {2254103},
 keywords = {c, fork-merge lr parsing, lr parsing, preprocessor, superc},
}

@inproceedings{Kastner11:VPP,
 author = {K\"{a}stner, Christian and Giarrusso, Paolo G. and Rendel, Tillmann and Erdweg, Sebastian and Ostermann, Klaus and Berger, Thorsten},
 title = {{Variability-Aware Parsing in the Presence of Lexical Macros and Conditional Compilation}},
 booktitle = OOPSLA,
 series = {OOPSLA '11},
 year = {2011},
 isbn = {978-1-4503-0940-0},
 location = {Portland, Oregon, USA},
 pages = {805--824},
 numpages = {20},
 url = {http://doi.acm.org/10.1145/2048066.2048128},
 doi = {10.1145/2048066.2048128},
 acmid = {2048128},
 keywords = {\#ifdef, c, conditional compilation, linux, parsing, preprocessor, software product lines, variability},
}

@techreport{Liebig12:LVT,
author={J. Liebig and A. von Rhein and C. K\"{a}stner and S. Apel and J. D\"{o}rre and C. Lengauer},
title={{Large-Scale Variability-Aware Type Checking and Dataflow Analysis}},
institution={{Fakult{\"a}t f{\"u}r Informatik und Mathematik, Universit{\"a}t Passau}},
year={2012},
number={MIP-1212}
}

@inproceedings{Fahndrich06:RPG,
 author = {F\"{a}hndrich, Manuel and Carbin, Michael and Larus, James R.},
 title = {{Reflective Program Generation with Patterns}},
 booktitle = GPCE,
 series = {GPCE '06},
 year = {2006},
 isbn = {1-59593-237-2},
 location = {Portland, Oregon, USA},
 pages = {275--284},
 numpages = {10},
 url = {http://doi.acm.org/10.1145/1173706.1173748},
 doi = {10.1145/1173706.1173748},
 acmid = {1173748},
 keywords = {generative programming, patterns, reflection, templates},
}

@inproceedings{Disenfeld12:CLA,
 author = {Disenfeld, Cynthia and Katz, Shmuel},
 title = {{A Closer Look at Aspect Interference and Cooperation}},
 booktitle = AOSD,
 series = {AOSD '12},
 year = {2012},
 isbn = {978-1-4503-1092-5},
 location = {Potsdam, Germany},
 pages = {107--118},
 numpages = {12},
 url = {http://doi.acm.org/10.1145/2162049.2162063},
 doi = {10.1145/2162049.2162063},
 acmid = {2162063},
 keywords = {aspects, composition, cooperation, interference, joint-weaving, verification},
}

@article{Apel08:CUF,
 author = {Apel, Sven and Hutchins, Delesley},
 title = {{A Calculus for Uniform Feature Composition}},
 journal = {ACM Trans. Program. Lang. Syst.},
 issue_date = {May 2010},
 volume = {32},
 number = {5},
 month = may,
 year = {2008},
 issn = {0164-0925},
 pages = {19:1--19:33},
 articleno = {19},
 numpages = {33},
 url = {http://doi.acm.org/10.1145/1745312.1745316},
 doi = {10.1145/1745312.1745316},
 acmid = {1745316},
 keywords = {Feature-oriented programming, feature composition, principle of uniformity, type systems},
}

@inproceedings{Chae08:BFC,
 author = {Chae, Wonseok and Blume, Matthias},
 title = {{Building a Family of Compilers}},
 booktitle = SPLC,
 series = {SPLC '08},
 year = {2008},
 isbn = {978-0-7695-3303-2},
 pages = {307--316},
 numpages = {10},
 url = {http://dx.doi.org/10.1109/SPLC.2008.28},
 doi = {10.1109/SPLC.2008.28},
 acmid = {1439963},
 keywords = {feature-oriented, product line engineering, compilers, standard ml, module system},
}

@inproceedings{Ossher01:HMS,
 author = {Ossher, Harold and Tarr, Petri},
 title = {Hyper/J: Multi-Dimensional Separation of Concerns for Java},
 booktitle = ICSE,
 series = {ICSE '01},
 year = {2001},
 isbn = {0-7695-1050-7},
 location = {Toronto, Ontario, Canada},
 pages = {821--822},
 numpages = {2},
 url = {http://dl.acm.org/citation.cfm?id=381473.381743},
 acmid = {381743},
}

@inproceedings{Warth06:SSO,
 author = {Warth, Alessandro and Stanojevi\'{c}, Milan and Millstein, Todd},
 title = {{Statically Scoped Object Adaptation with Expanders}},
 booktitle = OOPSLA,
 series = {OOPSLA '06},
 year = {2006},
 isbn = {1-59593-348-4},
 location = {Portland, Oregon, USA},
 pages = {37--56},
 numpages = {20},
 url = {http://doi.acm.org/10.1145/1167473.1167477},
 doi = {10.1145/1167473.1167477},
 acmid = {1167477},
 keywords = {expanders, modular typechecking, object adaptation},
}

@article{Goldman10:MMA,
  title={{Maven: Modular Aspect Verification and Interference Analysis}},
  author={Goldman, M. and Katz, E. and Katz, S.},
  journal={Formal Methods in System Design},
  volume={37},
  number={1},
  pages={61--92},
  year={2010},
}

@article{Sulzmann08:HTI,
 author = {Sulzmann, Martin and Stuckey, Peter j.},
 title = {{HM(X) Type Inference is CLP(X) Solving}},
 journal = JFP,
 volume = {18},
 number = {2},
 month = mar,
 year = {2008},
 issn = {0956-7968},
 pages = {251--283},
 numpages = {33},
 url = {http://dx.doi.org/10.1017/S0956796807006569},
 doi = {10.1017/S0956796807006569},
 acmid = {1348948},
}

@inproceedings{Steensgaard96:PAA,
 author = {Steensgaard, Bjarne},
 title = {{Points-to Analysis in Almost Linear Time}},
 booktitle = POPL,
 series = {POPL '96},
 year = {1996},
 isbn = {0-89791-769-3},
 location = {St. Petersburg Beach, Florida, USA},
 pages = {32--41},
 numpages = {10},
 url = {http://doi.acm.org/10.1145/237721.237727},
 doi = {10.1145/237721.237727},
 acmid = {237727},
}

@inproceedings{Das00:UPA,
 author = {Das, Manuvir},
 title = {{Unification-based Pointer Analysis with Directional Assignments}},
 booktitle = PLDI,
 series = {PLDI '00},
 year = {2000},
 isbn = {1-58113-199-2},
 location = {Vancouver, British Columbia, Canada},
 pages = {35--46},
 numpages = {12},
 url = {http://doi.acm.org/10.1145/349299.349309},
 doi = {10.1145/349299.349309},
 acmid = {349309},
}

@inproceedings{Delaware09:FPT,
 author = {Delaware, Benjamin and Cook, William R. and Batory, Don},
 title = {{Fitting the Pieces Together: A Machine-Checked Model of Safe Composition}},
 booktitle = FSE,
 year = 2009,
 pages = {243--252},
}

@inproceedings{Kastner12:VMS,
 author = {K\"{a}stner, Christian and Ostermann, Klaus and Erdweg, Sebastian},
 title = {{A Variability-Aware Module System}},
 booktitle = OOPSLA,
 year = 2012,
 pages = {773--792},
}

% Type-Based Parametric Analysis of Program Families

@inproceedings{Thum12:FDV,
 author = {Th\"{u}m, Thomas and Schaefer, Ina and Apel, Sven and Hentschel, Martin},
 title = {Family-based deductive verification of software product lines},
 booktitle = {International Conference on Generative Programming and Component Engineering},
 year = {2012},
 isbn = {978-1-4503-1129-8},
 location = {Dresden, Germany},
 pages = {11--20},
 numpages = {10},
 url = {http://doi.acm.org/10.1145/2371401.2371404},
 doi = {10.1145/2371401.2371404},
 acmid = {2371404},
 keywords = {deductive verification, product-line analysis, program families, software product lines, theorem proving},
}

@inproceedings{Cardelli97:PFL,
 author = {Cardelli, Luca},
 title = {Program fragments, linking, and modularization},
 booktitle = POPL,
 year = {1997},
 isbn = {0-89791-853-3},
 pages = {266--277},
 numpages = {12},
 url = {http://doi.acm.org/10.1145/263699.263735},
 doi = {10.1145/263699.263735},
 acmid = {263735},
}

@book{Nielson99:PPA,
  title={Principles of program analysis},
  author={Nielson, Flemming and Nielson, Hanne R and Hankin, Chris},
  year={1999},
  publisher={Springer}
}

@incollection{Brabrand13:IDA, year={2013}, booktitle={Transactions on
Aspect-Oriented Software Development X}, title={Intraprocedural Dataflow
Analysis for Software Product Lines},
url={http://dx.doi.org/10.1007/978-3-642-36964-3_3}, author={Brabrand, Claus
and Ribeiro, M��rcio and Tol��do, T��rsis and Winther, Johnni and Borba, Paulo},
pages={73-108} }


@inproceedings{Bodden13:SSA,
 author = {Bodden, Eric and Tol\^{e}do, T\'{a}rsis and Ribeiro, M\'{a}rcio and Brabrand, Claus and Borba, Paulo and Mezini, Mira},
 title = {{SPLLIFT: Statically Analyzing Software Product Lines in Minutes Instead of Years}},
 booktitle = PLDI,
 year = {2013},
 pages = {355--364},
 numpages = {10},
 url = {http://doi.acm.org/10.1145/2491956.2491976},
 doi = {10.1145/2491956.2491976},
 acmid = {2491976},
 keywords = {context sensitive, flow sensitive, inter-procedural static analysis, software product lines},
}

@inproceedings{Reps95:PID,
 author = {Reps, Thomas and Horwitz, Susan and Sagiv, Mooly},
 title = {Precise interprocedural dataflow analysis via graph reachability},
 booktitle = POPL,
 year = {1995},
 isbn = {0-89791-692-1},
 pages = {49--61},
 numpages = {13},
 url = {http://doi.acm.org/10.1145/199448.199462},
 doi = {10.1145/199448.199462},
 acmid = {199462},
}

@inproceedings{Rehof01:TFA,
 author = {Rehof, Jakob and F\"{a}hndrich, Manuel},
 title = {Type-base flow analysis: from polymorphic subtyping to CFL-reachability},
 booktitle = {ACM SIGPLAN-SIGACT symposium on Principles of programming languages},
 series = {POPL '01},
 year = {2001},
 isbn = {1-58113-336-7},
 pages = {54--66},
 numpages = {13},
 url = {http://doi.acm.org/10.1145/360204.360208},
 doi = {10.1145/360204.360208},
 acmid = {360208},
}

@incollection{Kennedy94:DT,
year={1994},
isbn={978-3-540-57880-2},
booktitle={Programming Languages and Systems �� ESOP '94},
volume={788},
series={Lecture Notes in Computer Science},
editor={Sannella, Donald},
doi={10.1007/3-540-57880-3_23},
title={Dimension types},
url={http://dx.doi.org/10.1007/3-540-57880-3_23},
author={Kennedy, Andrew},
pages={348-362}
}

@inproceedings{Sasturkar05:ATA,
 author = {Sasturkar, Amit and Agarwal, Rahul and Wang, Liqiang and Stoller, Scott D.},
 title = {Automated type-based analysis of data races and atomicity},
 booktitle = {ACM SIGPLAN symposium on Principles and practice of parallel programming},
 series = {PPoPP '05},
 year = {2005},
 isbn = {1-59593-080-9},
 pages = {83--94},
 numpages = {12},
 url = {http://doi.acm.org/10.1145/1065944.1065956},
 doi = {10.1145/1065944.1065956},
 acmid = {1065956},
 keywords = {atomicity, data races, type inference, type system},
}

@inproceedings{Palsberg01:TAA,
 author = {Palsberg, Jens},
 title = {Type-based analysis and applications},
 booktitle = {ACM SIGPLAN-SIGSOFT Workshop on Program Analysis for Software Tools and Engineering},
 year = {2001},
 isbn = {1-58113-413-4},
 pages = {20--27},
 numpages = {8},
 url = {http://doi.acm.org/10.1145/379605.379635},
 doi = {10.1145/379605.379635},
 acmid = {379635},
}

@article{Naik08:TSE,
 author = {Naik, Mayur and Palsberg, Jens},
 title = {A type system equivalent to a model checker},
 journal = TOPLAS,
 issue_date = {2008},
 volume = {30},
 number = {5},
 year = {2008},
 issn = {0164-0925},
 pages = {29:1--29:24},
 articleno = {29},
 numpages = {24},
 url = {http://doi.acm.org/10.1145/1387673.1387678},
 doi = {10.1145/1387673.1387678},
 acmid = {1387678},
 keywords = {Model checking, type systems},
}

@inproceedings{Stuckey02:TO,
 author = {Stuckey, Peter J. and Sulzmann, Martin},
 title = {A theory of overloading},
 booktitle = ICFP,
 year = {2002},
 isbn = {1-58113-487-8},
 pages = {167--178},
 numpages = {12},
 url = {http://doi.acm.org/10.1145/581478.581495},
 doi = {10.1145/581478.581495},
 acmid = {581495},
 keywords = {constraints, overloading, type classes, type inference},
}

@article{Pottier00:VCT,
 author = {Pottier, Fran\c{c}ois},
 title = {A versatile constraint-based type inference system},
 journal = {Nordic J. of Computing},
 issue_date = {Winter 2000},
 volume = {7},
 number = {4},
 month = dec,
 year = {2000},
 issn = {1236-6064},
 pages = {312--347},
 numpages = {36},
 url = {http://dl.acm.org/citation.cfm?id=763845.763849},
 acmid = {763849},
 publisher = {Publishing Association Nordic Journal of Computing},
 address = {Finland},
 keywords = {conditional constraints, constraint-based type inference, rows, subtyping},
}

@article{Pottier03:IFI,
 author = {Pottier, Fran\c{c}ois and Simonet, Vincent},
 title = {Information flow inference for {ML}},
 journal = TOPLAS,
 issue_date = {January 2003},
 volume = {25},
 number = {1},
 year = {2003},
 issn = {0164-0925},
 pages = {117--158},
 numpages = {42},
 url = {http://doi.acm.org/10.1145/596980.596983},
 doi = {10.1145/596980.596983},
 acmid = {596983},
 keywords = {Constraint-based analysis, non-interference},
}

@inproceedings{Simonet03:EHB,
 author = {Simonet, Vincent},
 title = {An extension of {HM(X)} with bounded existential and universal data-types},
 booktitle = ICFP,
 year = {2003},
 isbn = {1-58113-756-7},
 pages = {39--50},
 numpages = {12},
 url = {http://doi.acm.org/10.1145/944705.944710},
 doi = {10.1145/944705.944710},
 acmid = {944710},
 keywords = {constraint-based type inference, existential and universal data-types, structural subtyping},
}

@article{Simonet07:CAG,
 author = {Simonet, Vincent and Pottier, Fran\c{c}ois},
 title = {A constraint-based approach to guarded algebraic data types},
 journal = TOPLAS,
 volume = {29},
 number = {1},
 pages = {1--38},
 year = {2007},
 issn = {0164-0925},
 articleno = {1},
 url = {http://doi.acm.org/10.1145/1180475.1180476},
 doi = {10.1145/1180475.1180476},
 acmid = {1180476},
 keywords = {GADTs, Generalized algebraic data types, constraint-based type inference},
}

@article{Vytiniotis11:OMT,
 author = {Vytiniotis, Dimitrios and Peyton jones, Simon and Schrijvers, Tom and Sulzmann, Martin},
 title = {Outsidein(x) modular type inference with local assumptions},
 journal = {J. Funct. Program.},
 issue_date = {September 2011},
 volume = {21},
 number = {4-5},
 month = sep,
 year = {2011},
 issn = {0956-7968},
 pages = {333--412},
 numpages = {80},
 url = {http://dx.doi.org/10.1017/S0956796811000098},
 doi = {10.1017/S0956796811000098},
 acmid = {2139533},
}


@TECHREPORT{Sulzmann99:HMS,
  AUTHOR = {M. Sulzmann and M. M\"{u}ller and C. Zenger},
  TITLE = {{H}indley/{M}ilner Style Type Systems in Constraint Form},
  NUMBER = {ACRC-99-009},
  TYPE = {Research Report},
  INSTITUTION = {University of South Australia, School of Computer and Information Science},
  YEAR = {1999},
  PS = {http://www.cs.mu.oz.au/~sulzmann/publications/tr-arcs-99-009.ps.gz}
}

@inproceedings{Cousot97:TAI,
   author =    {Cousot, P{.}},
   title =     {Types as Abstract Interpretations},
   pages =     {316--331},
   booktitle = {ACM SIGPLAN-SIGACT
                Symposium on Principles of Programming Languages},
   address =   {Paris, France},
   year =      1997,
}

@article{Laud06:TSE,
title = "Type systems equivalent to data-flow analyses for imperative languages ",
journal = "Theoretical Computer Science",
volume = "364",
number = "3",
pages = "292 - 310",
year = "2006",
note = "<ce:title>Applied Semantics</ce:title> ",
issn = "0304-3975",
doi = "http://dx.doi.org/10.1016/j.tcs.2006.08.013",
url = "http://www.sciencedirect.com/science/article/pii/S0304397506005524",
author = "Peeter Laud and Tarmo Uustalu and Varmo Vene",
keywords = "Data-flow analyses",
keywords = "Secure information flow",
keywords = "Type systems "
}

@incollection{Hankin94:TFP,
year={1994},
isbn={978-3-540-58485-8},
booktitle={Static Analysis Symposium},
series={LNCS 864},
doi={10.1007/3-540-58485-4_53},
title={A type-based framework for program analysis},
url={http://dx.doi.org/10.1007/3-540-58485-4_53},
author={Hankin, Chris and M\'{e}tayer, Daniel},
pages={380-394}
}


@incollection{Prost99:FSA,
year={1999},
isbn={978-3-540-66222-8},
booktitle={Automated Deduction CADE-16},
doi={10.1007/3-540-48660-7_22},
title={{A Formalization of Static Analyses in System F}},
url={http://dx.doi.org/10.1007/3-540-48660-7_22},
author={Prost, Fr��d��ric},
pages={252-266},
language={English}
}


@phdthesis{Damiani98:NTI,
  title={Non-standard type inference for functional programs},
  author={Damiani, Ferruccio},
  year={1998},
  school={Dipartimento di Informatica, Universita di Torino}
}

@inproceedings{Liebig13:SAV,
 author = {Liebig, J\"{o}rg and von Rhein, Alexander and K\"{a}stner, Christian and Apel, Sven and D\"{o}rre, Jens and Lengauer, Christian},
 title = {Scalable Analysis of Variable Software},
 booktitle = {Foundations of Software Engineering},
 year = {2013},
 isbn = {978-1-4503-2237-9},
 pages = {81--91},
 numpages = {11},
 url = {http://doi.acm.org/http://dx.doi.org/10.1145/2491411.2491437},
 doi = {http://dx.doi.org/10.1145/2491411.2491437},
 acmid = {2491437},
 keywords = {C Preprocessor, Liveness Analysis, Software Product Lines, Type Checking, Variability-aware Analysis},
}

@article{Robinson65:MLB,
 author = {Robinson, J. A.},
 title = {A Machine-Oriented Logic Based on the Resolution Principle},
 journal = {Journal of the ACM},
 volume = {12},
 number = {1},
 month = jan,
 year = {1965},
 issn = {0004-5411},
 pages = {23--41},
 numpages = {19},
 url = {http://doi.acm.org/10.1145/321250.321253},
 doi = {10.1145/321250.321253},
}

@inproceedings{PeytonJones99:SIE,
 author = {Peyton Jones, Simon and Reid, Alastair and Henderson, Fergus and Hoare, Tony and Marlow, Simon},
 title = {A Semantics for Imprecise Exceptions},
 booktitle = {ACM SIGPLAN Conference on Programming Language Design and Implementation},
 series = {PLDI '99},
 year = {1999},
 isbn = {1-58113-094-5},
 pages = {25--36},
 numpages = {12},
 url = {http://doi.acm.org/10.1145/301618.301637},
 doi = {10.1145/301618.301637},
 acmid = {301637},
}

@article{Leroy00:TAU,
 author = {Leroy, Xavier and Pessaux, Fran\c{c}ois},
 title = {Type-based Analysis of Uncaught Exceptions},
 journal = {ACM Trans. Program. Lang. Syst.},
 issue_date = {March 2000},
 volume = {22},
 number = {2},
 month = mar,
 year = {2000},
 issn = {0164-0925},
 pages = {340--377},
 numpages = {38},
 url = {http://doi.acm.org/10.1145/349214.349230},
 doi = {10.1145/349214.349230},
 acmid = {349230},
}

@inproceedings{Glynn02:EAN,
 author = {Glynn, Kevin and Stuckey, Peter J. and Sulzmann, Martin and S{\o}ndergaard, Harald},
 title = {Exception Analysis for Non-strict Languages},
 booktitle = {ACM SIGPLAN International Conference on Functional Programming},
 series = {ICFP '02},
 year = {2002},
 isbn = {1-58113-487-8},
 pages = {98--109},
 numpages = {12},
 url = {http://doi.acm.org/10.1145/581478.581488},
 doi = {10.1145/581478.581488},
 acmid = {581488},
}

@inproceedings{Lie15,
  author    = {J{\"{o}}rg Liebig and Andreas Janker and Florian Garbe and Sven Apel and Christian Lengauer},
  title     = {Morpheus: Variability-Aware Refactoring in the Wild},
  booktitle = ICSE,
  pages     = {380--391},
  year      = 2015,
}
