@string{ICFP   = "{ACM Int.\ Conf.\ on Functional Programming}"}
@string{PLDI   = "{ACM Int.\ Conf.\ on Programming Language Design and Implementation}"}
@string{POPL   = "{ACM Symp.\ on Principles of Programming Languages}"}
@string{TOPLAS = "{ACM Trans.\ on Programming Languages and Systems}"}
@string{TOSEM  = "{ACM Trans.\ on Software Engineering and Methodology}"}
@string{Haskell = "{ACM SIGPLAN Workshop on Haskell}"}

@inproceedings{Neubauer03:DST,
 author = {Neubauer, Matthias and Thiemann, Peter},
 title = {Discriminative sum types locate the source of type errors},
 booktitle = ICFP,
 year = {2003},
 pages = {15--26},
 numpages = {12},
 url = {http://doi.acm.org/10.1145/944705.944708},
 doi = {10.1145/944705.944708},
 acmid = {944708},
 keywords = {polymorphism, type errors, type inference},
}

@inproceedings{Neubauer04:HTB,
 author = {Neubauer, Matthias and Thiemann, Peter},
 title = {Haskell type browser},
 booktitle = {ACM SIGPLAN Workshop on Haskell},
 year = {2004},
 isbn = {1-58113-850-4},
 pages = {92--93},
 numpages = {2},
 url = {http://doi.acm.org/10.1145/1017472.1017474},
 doi = {10.1145/1017472.1017474},
 acmid = {1017474},
 keywords = {debugging, haskell, polymorphism, type errors, type inference},
}

@inproceedings{McBride12:AEP,
 author = {McBride, Conor Thomas},
 title = {Agda-curious?: an exploration of programming with dependent types},
 booktitle = ICPF,
 series = {ICFP '12},
 year = {2012},
 isbn = {978-1-4503-1054-3},
 location = {Copenhagen, Denmark},
 pages = {1--2},
 numpages = {2},
 url = {http://doi.acm.org/10.1145/2364527.2364529},
 doi = {10.1145/2364527.2364529},
 acmid = {2364529},
 publisher = {ACM},
 address = {New York, NY, USA},
 keywords = {dependent types},
}


@inproceedings{Johann08:FSP,
 author = {Johann, Patricia and Ghani, Neil},
 title = {Foundations for structured programming with GADTs},
 booktitle = OPL,
 year = {2008},
 isbn = {978-1-59593-689-9},
 pages = {297--308},
 numpages = {12},
 url = {http://doi.acm.org/10.1145/1328438.1328475},
 doi = {10.1145/1328438.1328475},
 acmid = {1328475},
 keywords = {GADTs, initial algebra semantics, program fusion},
}

@incollection{BS01,
   author =   {Baader, F. and Snyder, W.},
   title =    "{Unification Theory}",
   editor =    {Robinson, A. and Voronkov, A.},
   booktitle = "{Handbook of Automated Reasoning}",
   chapter =  8,
   publisher = {Elsevier Science Publishers},
   address =   {Amsterdam, NL},
   pages = "445--533",
   year =      2001,
}


@ARTICLE{Milner78:TTP,
    author = {Robin Milner},
    title = {A theory of type polymorphism in programming},
    journal = {Journal of Computer and System Sciences},
    year = {1978},
    volume = {17},
    pages = {348--375}
}

@article{Lee98:PAF,
 author = {Lee, Oukseh and Yi, Kwangkeun},
 title = {Proofs about a folklore let-polymorphic type inference algorithm},
 journal = TOPLAS,
 issue_date = {July 1998},
 volume = {20},
 number = {4},
 month = jul,
 year = {1998},
 issn = {0164-0925},
 pages = {707--723},
 numpages = {17},
 url = {http://doi.acm.org/10.1145/291891.291892},
 doi = {10.1145/291891.291892},
 acmid = {291892},
 keywords = {type error, type inference algorithm},
}

@TECHREPORT{Lee00:GLP,
    author = {Oukseh Lee and Kwangkeun Yi},
    title = {A Generalized Let-Polymorphic Type Inference Algorithm},
    institution = {Technical Memorandum ROPAS-2000-5, Research on Program Analysis System, Korea Advanced Institute of Science and Technology},
    year = {2000}
}

@PHDTHESIS{McAdam98:UST,
  title={Repairing Type Errors in Functional Programs},
  author={McAdam, Bruce J},
  year={2002},
  school={University of Edinburgh. College of Science and Engineering. School of Informatics.}
}


@PHDTHESIS{Damas85:TAP,
  title={Type Assignment in Programming Languages},
  author={Damas, L.M.M.},
  series={Edinburgh CST},
  url={http://books.google.com/books?id=e1cAGwAACAAJ},
  year={1985},
  publisher={Department of Computer Science, University of Edinburgh}
}

@INPROCEEDINGS{Yang00:ETE,
    author = {Jun Yang},
    title = {Explaining Type Errors by Finding the Source of a Type Conflict},
    booktitle = {Trends in Functional Programming},
    year = {2000},
    pages = {58--66},
    publisher = {Intellect Books}
}

@inproceedings{Stuckey04:ITE,
 author = {Stuckey, Peter J. and Sulzmann, Martin and Wazny, Jeremy},
 title = {Improving type error diagnosis},
 booktitle = {ACM SIGPLAN Workshop on Haskell},
 year = {2004},
 isbn = {1-58113-850-4},
 pages = {80--91},
 numpages = {12},
 url = {http://doi.acm.org/10.1145/1017472.1017486},
 doi = {10.1145/1017472.1017486},
 keywords = {Hindley/Milner, constraints, overloading, type classes, type debugging, type inference},
}

@inproceedings{Stuckey03:ITD,
 author = {Stuckey, Peter J. and Sulzmann, Martin and Wazny, Jeremy},
 title = {Interactive type debugging in Haskell},
 booktitle = {ACM SIGPLAN Workshop on Haskell},
 year = {2003},
 isbn = {1-58113-758-3},
 pages = {72--83},
 numpages = {12},
 url = {http://doi.acm.org/10.1145/871895.871903},
 doi = {10.1145/871895.871903},
 keywords = {Hindley/Milner, constraints, overloading, type classes, type debugging, type inference},
}

@inproceedings{Johnson86:MAA,
 author = {Johnson, Gregory F. and Walz, Janet A.},
 title = {A maximum-flow approach to anomaly isolation in unification-based incremental type inference},
 booktitle = POPL,
 year = {1986},
 pages = {44--57},
 numpages = {14},
 url = {http://doi.acm.org/10.1145/512644.512649},
 doi = {10.1145/512644.512649},
}

@PHDTHESIS{Wazny06:TIT,
  author =       {Jeremy Richard Wazny},
  title =        {Type inference and type error diagnosis for Hindley/Milner with extensions},
  school =       {The University of Melbourne},
  year =         {2006},
  month =        {January},
}

@TECHREPORT{Choppella95:DIT,
    author = {Venkatesh Choppella and Christopher T. Haynes},
    title = {Diagnosis of Ill-typed Programs},
    institution = {Indiana University},
    year = {1995}
}


@PHDTHESIS{Choppella02:UST,
  author =       {Venkatesh Choppella},
  title =        {Unification Source-Tracking with Application To Diagnosis of Type Inference},
  school =       {Indiana University},
  year =         {2002},
}

@article{Tip01:SAL,
 author = {Tip, F. and Dinesh, T. B.},
 title = {A slicing-based approach for locating type errors},
 journal = TOSEM,
 issue_date = {Jan. 2001},
 volume = {10},
 number = {1},
 month = jan,
 year = {2001},
 issn = {1049-331X},
 pages = {5--55},
 numpages = {51},
 url = {http://doi.acm.org/10.1145/366378.366379},
 doi = {10.1145/366378.366379},
 keywords = {abstract interpretation, program slicing, semantics-based tool generation, static semantics, type-checking},
}

@inproceedings{Haack03:TES,
 author = {Haack, Christian and Wells, J. B.},
 title = {Type error slicing in implicitly typed higher-order languages},
 booktitle = {European Symposium on Programming},
 year = {2003},
 isbn = {3-540-00886-1},
 pages = {284--301},
 numpages = {18},
}

@inproceedings{Schilling12:CFT,
  title={Constraint-Free type error slicing},
  author={Schilling, Thomas},
  booktitle={Trends in Functional Programming},
  pages={1--16},
  year={2012},
  publisher={Springer}
}

@inproceedings{Wand86:FST,
 author = {Wand, Mitchell},
 title = {Finding the source of type errors},
 booktitle = POPL,
 year = {1986},
 pages = {38--43},
 numpages = {6},
 url = {http://doi.acm.org/10.1145/512644.512648},
 doi = {10.1145/512644.512648},
}

@phdthesis{Heeren05:TQT,
   author = "Bastiaan J. Heeren",
   school = "Universiteit Utrecht, The Netherlands",
   title  = "Top Quality Type Error Messages",
   year   = "2005",
   month  = sep,
   url    = {http://www.cs.uu.nl/people/bastiaan/phdthesis},
}


@incollection{BS01,
   author =   {Baader, F. and Snyder, W.},
   title =    "{Unification Theory}",
   editor =    {Robinson, A. and Voronkov, A.},
   booktitle = "{Handbook of Automated Reasoning}",
   chapter =  8,
   publisher = {Elsevier Science Publishers},
   address =   {Amsterdam, NL},
   pages = "445--533",
   year =      2001,
}

@inproceedings{Lerner07:STM,
 author = {Lerner, B. and Flower, M. and Grossman, Dan and Chambers, Craig},
 title = {Searching for type-error messages},
 booktitle = PLDI,
 year = {2007},
 pages = {425--434},
 numpages = {10},
 url = {http://doi.acm.org/10.1145/1250734.1250783},
 doi = {10.1145/1250734.1250783},
 keywords = {error messages, objective Caml, seminal, type-checking, type-inference},
}

@inproceedings{Lerner06:SSM,
 author = {Lerner, Benjamin and Grossman, Dan and Chambers, Craig},
 title = {Seminal: searching for ML type-error messages},
 booktitle = {Workshop on ML},
 year = {2006},
 isbn = {1-59593-483-9},
 pages = {63--73},
 numpages = {11},
 url = {http://doi.acm.org/10.1145/1159876.1159887},
 doi = {10.1145/1159876.1159887},
 keywords = {error messages, objective Caml, seminal, type-checking, type-inference},
}

@inproceedings{Damas82:PTF,
 author = {Damas, Luis and Milner, Robin},
 title = {Principal type-schemes for functional programs},
 booktitle = POPL,
 year = {1982},
 isbn = {0-89791-065-6},
 pages = {207--212},
 numpages = {6},
 url = {http://doi.acm.org/10.1145/582153.582176},
 doi = {10.1145/582153.582176},
}

@article{Robinson65:MLB,
 author = {Robinson, J. A.},
 title = {A Machine-Oriented Logic Based on the Resolution Principle},
 journal = {Journal of the ACM},
 volume = {12},
 number = {1},
 month = jan,
 year = {1965},
 issn = {0004-5411},
 pages = {23--41},
 numpages = {19},
 url = {http://doi.acm.org/10.1145/321250.321253},
 doi = {10.1145/321250.321253},
}

@inproceedings{Chitil01:CET,
author = {Olaf Chitil},
title = {Compositional Explanation of Types and Algorithmic Debugging of Type Errors},
booktitle = ICFP,
month = {September},
year = {2001},
pages = {193--204},
keywords = {Hindley Milner type system},
}


@article{Kustanto10:IEM,
  title={Improving Error Messages in Type System},
  author={Kustanto, Cynthia and Kameyama, Yukiyoshi},
  journal={Information and Media Technologies},
  volume={5},
  number={4},
  pages={1241--1254},
  year={2010},
}

@INPROCEEDINGS{Yang00:ITE,
    author = {Jun Yang and Greg Michaelson and Phil Trinder and J. B. Wells},
    title = {Improved Type Error Reporting},
    booktitle = {Int.\ Workshop on Implementation of Functional Languages},
    year = {2000},
    pages = {71--86}
}

@PHDTHESIS{Yang01:IPT,
  author =       {Jun Yang},
  title =        {Improving Polymorphic Type Explanations},
  school =       {Heriot-Watt University},
  year =         {2001},
  month =        {May},
}


@article{JUNG00:VPT,
author = {Jung, Y. and Michaelson, G.},
title = {A visualisation of polymorphic type checking},
journal = {Journal of Functional Programming},
volume = {10},
issue = {01},
month = {0},
year = {2000},
issn = {1469-7653},
pages = {57--75},
numpages = {19},
doi = {null},
URL = {http://journals.cambridge.org/article_S0956796899003597},
}

@Book{ISO12:CPP,
  author =       "{ISO}",
  title =        "{ISO/IEC 14882:2011 Information technology ---
                 Programming languages --- C++}",
  pages =        "1338 (est.)",
  day =          "28",
  month =        feb,
  year =         "2012",
  NOTE =       "Work draft available at http://www.open-std.org/jtc1/sc22/wg21/docs/papers/2011/n3242.pdf",
}

@inproceedings{Smith08:JTI,
 author = {Smith, Daniel and Cartwright, Robert},
 title = {Java type inference is broken: can we fix it?},
 booktitle = {Proceedings of the 23rd ACM SIGPLAN conference on Object-oriented programming systems languages and applications},
 series = {OOPSLA '08},
 year = {2008},
 isbn = {978-1-60558-215-3},
 location = {Nashville, TN, USA},
 pages = {505--524},
 numpages = {20},
 url = {http://doi.acm.org/10.1145/1449764.1449804},
 doi = {10.1145/1449764.1449804},
 acmid = {1449804},
 publisher = {ACM},
 address = {New York, NY, USA},
 keywords = {bounded quantification, generics, intersection types, parameterized types, polymorphic methods, subtyping, type argument inference, type inference, union types, wildcards},
}

@article{Narendran97:UP,
     title = {On the Unification Problem for Cartesian Closed Categories},
     author = {Narendran, Paliath and Pfenning, Frank and Statman, Richard},
     journal = {The Journal of Symbolic Logic},
     volume = {62},
     number = {2},
     pages = {636-647},
     url = {http://www.jstor.org/stable/2275552},
     ISSN = {00224812},
     year = {1997},
     publisher = {Association for Symbolic Logic},
     copyright = {Copyright ? 1997 Association for Symbolic Logic},
    }

@inproceedings{Heeren03:HLH,
 author = {Heeren, Bastiaan and Leijen, Daan and van IJzendoorn, Arjan},
 title = {Helium, for learning Haskell},
 booktitle = {Proceedings of the 2003 ACM SIGPLAN workshop on Haskell},
 series = {Haskell '03},
 year = {2003},
 isbn = {1-58113-758-3},
 location = {Uppsala, Sweden},
 pages = {62--71},
 numpages = {10},
 url = {http://doi.acm.org/10.1145/871895.871902},
 doi = {10.1145/871895.871902},
 acmid = {871902},
 publisher = {ACM},
 address = {New York, NY, USA},
 keywords = {education, error logging, error messages, learning Haskell, type inference},
}

@TECHREPORT{Bernstein95:DTE,
    author = {Karen L. Bernstein and Eugene W. Stark},
    title = {Debugging Type Errors},
    institution = {State University of New York at Stony Brook},
    year = {1995}
}


@article{Eo04:PSH,
year={2004},
issn={0288-3635},
journal={New Generation Computing},
volume={22},
number={1},
doi={10.1007/BF03037279},
title={Proofs of a set of hybrid let-polymorphic type inference algorithms},
url={http://dx.doi.org/10.1007/BF03037279},
publisher={Springer-Verlag},
keywords={Type System; Type Inference Algorithm; Let-Polymorphism; Generalization},
author={Eo, Hyunjun and Lee, Oukseh and Yi, Kwangkeun},
pages={1-36},
language={English}
}

@INPROCEEDINGS{Duggan95:ETI,
    author = {Dominic Duggan and Frederick Bent},
    title = {Explaining Type Inference},
    booktitle = {Science of Computer Programming},
    year = {1995},
    pages = {37--83}
}


@ARTICLE{Beaven94:ETE,
    author = {Mike Beaven and Ryan Stansifer},
    title = {Explaining Type Errors in Polymorphic Languages},
    journal = {ACM Letters on Programming Languages and Systems},
    year = {1994},
    volume = {2},
    pages = {17--30}
}

@INPROCEEDINGS{Brassel04:TH,
    author = {Bernd Bra\ss{el}},
    title = {TypeHope: There is hope for your type errors},
    booktitle = {Int.\ Workshop on Implementation of Functional Languages},
    year = {2004},
}


@inproceedings{Vytiniotis12:EPD,
 author = {Vytiniotis, Dimitrios and Peyton Jones, Simon and Magalh\~{a}es, Jos{\'e} Pedro},
 title = {Equality proofs and deferred type errors: a compiler pearl},
 booktitle = {Proceedings of the 17th ACM SIGPLAN international conference on Functional programming},
 series = {ICFP '12},
 year = {2012},
 isbn = {978-1-4503-1054-3},
 pages = {341--352},
 numpages = {12},
 url = {http://doi.acm.org/10.1145/2364527.2364554},
 doi = {10.1145/2364527.2364554},
 acmid = {2364554},
 keywords = {deferred type errors, system fc, type equalities},
}

@inproceedings{Felleisen02:PCB,
 author = {Felleisen, Matthias},
 title = {From POPL to the Classroom and Back},
 booktitle = POPL,
 year = {2002},
 pages = {126--127},
}

@MISC{Heliumbp,
  author =       {J. Hage},
  title =        {Helium benchmark programs, (2002-2005)},
  howpublished = {Private communication},
}


@inproceedings{Zhang14:tgd,
  author    = {Danfeng Zhang and Andrew C. Myers},
  title     = "{Toward General Diagnosis of Static Errors}",
  year      = 2014,
  booktitle = POPL,
  pages     = {569-581},
}
