
@string{AFP    = "{Advanced Functional Programing}"}
@string{ASE     = "Int.\ Conf.\ on Automated Software Engineering"}
@string{CACM   = "{Communications of the ACM}"}
@string{DBPL   = "{Int.\ Workshop on Database Programming Languages}"}
@string{ESOP   = "{European Symp.\ on Programming}"}
@string{FOCS   = "{IEEE Symp.\ on Foundations of Computer Science}"}
@string{FPCA   = "{Conf.\ on Functional Programming and Computer Architecture}"}
@string{GPCE   = {{Int.\ Conf.\ on Generative Programming and Component Engineering}}}
@string{IFL    = "{Int. Workshop on Implementation of Functional Languages}"}
@string{ICFP   = "{ACM Int.\ Conf.\ on Functional Programming}"}
@string{IPL    = "{Information Processing Letters}"}
@string{JACM   = "{Journal of the ACM}"}
@string{JCSS   = "{Journal of Computer and System Sciences}"}
@string{JFP    = "{Journal of Functional Programming}"}
@string{LFP    = "{ACM Conf.\ on Lisp and Functional Programming}"}
@string{LICS   = "{IEEE Symp.\ on Logic in Computer Science}"}
@string{MPC    = "{Int.\ Conf.\ on Mathematics of Program Construction}"}
@string{OOPSLA = {{ACM SIGPLAN Int.\ Conf.\ on Object-Oriented Programming, Systems, Languages, and Applications}}}
@string{PLDI   = "{ACM Conf.\ on Programming Languages Design and Implementation}"}
@string{PLILP  = "{Int.\ Symp.\ on Programming Language Implementation 
                   and Logic Programming}"}
@string{POPL   = "{ACM Symp.\ on Principles of Programming Languages}"}
@string{PADL   = "{Symp.\ on Practical Aspects of Declarative Languages}"}
@string{RTA    = "{Int.\ Conf.\ on Rewriting Techniques and Applications}"}
@string{SCP    = "{Science of Computer Programming}"}
@string{SIAMJC = "{SIAM Journal on Computing}"}
@string{SIGMOD = "{ACM SIGMOD Conf.\ on Management of Data}"}
@string{SODA   = "{ACM-SIAM Symp.\ on Discrete Algorithms}"}
@string{STACS  = "{Symp.\ on Theoretical Aspects of Computer Science}"}
@string{STOC   = "{ACM Symp.\ on Theory of Computing}"}
@string{SWAT   = "{Scandinavian Workshop on Algorithm Theory}"}
@string{TOPLAS = "{ACM Transactions on Programming Languages and Systems}"}
@string{WADT   = "{Workshop on Algorithms and Data Structures}"}

@string{AP      = {{Academic Press}}}
@string{AW      = {{Ad\-di\-son-Wes\-ley}}}
@string{AW:Read = "Reading, MA"}
@string{AW:Woki = "Wokingham, England"}
@string{AW:Harl = "Harlow, England"}
@string{CUP     = {{Cambridge University Press}}}
@string{CUP:UK  = "Cambridge, UK"}
@string{CUP:US  = "Cambridge, NY"}
@string{MIT     = {{MIT Press}}}
@string{MIT:USA = "Cambridge, MA"}
@string{NH      = {{North-Holland}}}
@string{NH:NL   = "Amsterdam"}
@string{SP      = {{Springer-Verlag}}}
@string{SP:USA  = "New York Berlin Heidelberg"}
@string{PH      = {{Prentice-Hall International}}}
@string{PH:USA  = "Englewood Cliffs, NJ"}
@string{PH:INT  = "London, UK"}
@string{WIL     = {{John Wiley \& Sons}}}
@string{WIL:UK  = "Chichester"}

@incollection{Rem02,
  title = {{Using, Understanding, and Unraveling the OCaml Language from Practice to Theory and Vice Versa}},
  author = {R{\'e}my, Didier},
  booktitle = {Applied Semantics},
  pages = {413--536},
  year = {2002},
  publisher = {Springer}
}

@inproceedings{Ross10,
  title = {{F-ing Modules}},
  author = {Rossberg, Andreas and Russo, Claudio V and Dreyer, Derek},
  booktitle = {ACM SIGPLAN Workshop on Types in Language Design and Implementation},
  pages = {89--102},
  year = {2010},
  organization = {ACM}
}

@article{Swi08,
  title = {Data types {\`a} la carte},
  author = {Swierstra, Wouter},
  journal = JFP,
  volume = 18,
  number = 4,
  pages = {423--436},
  year = 2008,
  publisher = CUP
}

@book{BC04,
  title = {{Interactive Theorem Proving and Program Development: Coq'Art: The Calculus of Inductive Constructions}},
  author = {Bertot, Yves and Cast{\'e}ran, Pierre},
  year = 2004,
  publisher = {Springer-Verlag},
  address = {New York}
}

@book{Scott09,
  title = {{Programming Language Pragmatics}},
  author = {Scott, M.~L.},
  year = 2009,
  publisher = {Elsevier Science}
}

@inproceedings{lewis00implicit,
  author = {Lewis, Jeffrey R. and Launchbury, John and Meijer, Erik and Shields, Mark B.},
  title = {{Implicit Parameters: {D}ynamic Scoping with Static Types}},
  booktitle = POPL,
  pages = {108--118},
  year = {2000},
}

@article{Fel91,
  title = {{On the Expressive Power of Programming Languages}},
  author = {Felleisen, M.},
  journal = SCP,
  volume = 17,
  number = {1--3},
  pages = {35--75},
  year = 1991,
  publisher = {Elsevier}
}

@article{LO94,
	author = {L{\"a}ufer, K. and Odersky, M.},
	title = {{Polymorphic Type Inference and Abstract Data Types}},
	journal = TOPLAS,
	number = {5},
	pages = {1411--1430},
	publisher = {{ACM}},
    address = {{New York}},
	volume = {16},
	year = {1994}
}

@misc{Wad98,
  author = {Wadler, P.},
  title = {{The Expression Problem}},
  month = Nov,
  year = 1998,
  note = {Originally published to the Java-Genericity mailing list.
         \url{homepages.inf.ed.ac.uk/wadler/papers/expression/expression.txt}},
}

@article{Verh00,
    author = {Verhoef, C.},
    title = "{Towards Automated Modification of Legacy Assets}",
    journal = "{Annals of Software Engineering}",
    volume = "9",
    year = "2000",
    pages = "315--336",
}

@misc{hoogle,
   key = {Hoogle},
   title = "{Hoogle}",
   NOTE  = "{\small \tt http://haskell.org/hoogle/}",
}

@misc{Mercury,
   title = "{The Mercury Project}",
   NOTE  = "{\small \tt http://www.cs.mu.oz.au/\discretionary{}{}{}%
             research/\discretionary{}{}{}mercury/}",
}
 
@book{Abe80,
   author =    {Abe, E.},
   title =     "{Hopf Algebras}",
   year =      1980,
   publisher = CUP,
}

@inproceedings{ACPP89,
   author =    {Abadi, M. and Cardelli, L. and Pierce, B. and Plotkin, G.},
   title =     "{Dynamic Typing in a Statically-Typed Language}",
   year =      1989,
   booktitle = "16th " # POPL,
   pages =     {213--227},
   keywords =  {Heterogeneous Collection,Type Systems},
}

@inproceedings{Ada10,
    author = "Adams, M.D.",
    title = "{Scrap Your Zippers -- A Generic Zipper for Heterogeneous Types}",
    booktitle = "{ACM SIGPLAN Workshop on Generic Programming}",
    pages = "13--24",
    year = "2010",
}

@article{Ada93,
   author =  {Adams, S.},
   title =   "{Efficient Sets -- A Balancing Act}",
   journal = JFP,
   volume =  3,
   number =  4,
   year =    1993,
   pages =   {553--561},
}

@inproceedings{AFM95,
    author = "Z.~M. Ariola and M. Felleisen and J. Maraist and 
              M. Odersky and P. Wadler",
    title = "{A Call-by-Need Lambda Calculus}",
    booktitle = "22nd " # POPL,
    pages = "233--246",
    year = "1995",
    url = "citeseer.nj.nec.com/132534.html" }

@article{AF96,
   author =   {Z.~M. Ariola and M. Felleisen},
   title =    "{The Call-by-Need Lambda Calculus}",
   year =     1996,
   journal =  JFP,
   volume =   7,
   number =   3,
   pages =    {265--301}}

@article{AK97,
   author =   {Z.~M. Ariola and J.~W. Klop},
   title =    "{Lambda Calculus with Explicit Recursion}",
   year =     1997,
   journal =  "Journal of Information and Computation",
   volume =   139,
   number =   2,
   pages =    {154--233}}


@article{AHN88,
   author =   {Aasa, A. and Holstr{\"o}m, S. and Nilsson, C.},
   title =    "{An Efficiency Comparison of Some Representations of Purely 
               Functional Arrays}",
   year =     1988,
   journal =  "{BIT}",
   volume =   28,
   number =    3,
   pages =    {490--503},
   keywords = {FP,Arrays,Functional Data Structures},
}

@inproceedings{AM91,
   author =    {Appel, A.~W. and MacQueen, D.~B.},
   title =     "{Standard ML of New Jersey}",
   year =      1991,
   booktitle = "3rd " # PLILP,
   series =    {LNCS 528},
   pages =     {1--13},
   keywords =  {FP,ML},
}

@book{App92,
   author =    {Appel, A.~W.},
   title =     "{Compiling with Continuations}",
   year =      1992,
   publisher = CUP,
   address =   CUP:US,
   isbn =      {0-521-41695-7},
   keywords =  {FP,ML},
}

@inproceedings{AR92,
   author =    {Aitken, W.~E. and Reppy, J.~H.},
   title =     "{Abstract Value Constructors}",
   year =      1992,
   booktitle = "{ACM Workshop on ML and its Applications}",
   pages =     {1--11},
   keywords =  {FP,ML},
}

@inproceedings{Aug85,
   author =    {Augustsson, L.},
   title =     "{Compiling Pattern Matching}",
   year =      1985,
   booktitle = FPCA,
   series =    {LNCS 201},
   pages =     {368--381},
}

@inproceedings{Aug85,
   author =    {Augustsson, L.},
   title =     "{Compiling Pattern Matching}",
   year =      1985,
   booktitle = FPCA,
   series =    {LNCS 201},
   pages =     {368--381},
}

@inproceedings{Aug98,
    author = {Augustsson, L.},
    title = "{Cayenne -- A Language with Dependent Types}",
    booktitle = "3rd " # ICFP,
    pages = "239--250",
    year = 1998,
}

@article{Bac78,
   author =   {Backus, J.},
   title =    "{Can Programming be Liberated from the von Neumann Style? A 
               Functional Style and its Algebra of Programs}",
   year =     1978,
   journal =  CACM,
   volume =   21,
   pages =    {613--641},
   keywords = {FP,State in FP},
}

@book{Bar84,
   author =    {Barendregt, H.~P.},
   title =     "{The Lambda Calculus -- Its Syntax and Semantics}",
   year =      1984,
   publisher = NH,
   address =   NH:NL,
   isbn =      {0-444-85490-8},
   keywords =  {FP,Lambda Calculus},
}

@incollection{Bar90,
   author =   {Barendregt, H.~P.},
   title =    "{FP and Lambda Calculus}",
   crossref = {TCS:handbookB},
   pages =    {321--363},
   keywords = {FP,Lambda Calculus},
}

@article{BD77,
   author =   {Burstall, R.~M. and Darlington, J.},
   title =    "{A Transformation System for Developing Recursive Programs}",
   year =     1977,
   journal =  JACM,
   volume =   24,
   pages =    {44--67},
}

@article{Bet00,
    author = {Betarte, G.},
    title = "{Type Checking Dependent (Record) Types and Subtyping}",
    journal = JFP,
    volume = 10,
    number = 2,
    pages = "137--166",
    year = 2000,
}

@article{BFS02,
   author =  {Bucalo, A. and F{\"{u}}hrmann, C. and Simpson, A.},
   title =   "{An Equational Notion of Lifting Monad}",
   journal = TCS,
   year =    2002,
   note = "{To appear.}",
}

@article{BGJ89,
   author =   {Bird, R.~S. and Gibbons, J. and Jones, G.},
   title =    "{Formal Derivation of a Pattern Matching Algorithm}",
   year =     1989,
   journal =  SCP,
   volume =   12,
   pages =    {93--104},
   keywords = {FP,BMF,fold},
}

@article{BH87,
   author =   {Bird, R.~S. and Hughes, R.~J.~M.},
   title =    "{The Alpha-Beta Algorithm: An Exercise in Program Transformation}",
   year =     1987,
   journal =  IPL,
   volume =   24,
   pages =    {53--57},
   keywords = {FP,BMF,fold},
}

@Article{BHA86,
  author =       "G.~L. Burn and C.~L. Hankin and S. Abramsky",
  title =        "{The Theory and Practice of Strictness Analysis}",
  journal =      "{Science of Programming}",
  year =         "1986",
  volume =       "7",
  pages =        "249--278",
}

@book{BJR98,
   author =    {Booch, G. and Jacobson, I. and Rumbaugh, J. and Rumbaugh, J.},
   title =     "{The Unified Modeling Language User Guide}",
   year =      1998,
   publisher = AW,
   address =   AW:Read,
}

@article{BKK01,
   author =    {Borovansk\'{y}, B. and Kirchner, C. and Kirchner, H. and 
                Moreau, P.~E. and Ringeissen, C.},
   title =     "{Rewriting with Strategies in ELAN: a Functional Semantics}",
   journal =   "Int.\ Journal of Foundations of Computer Science",
    volume = "12",
    number = "1",
    pages = "69--95",
    year =      2001,
   keywords =  {rewriting,strategies},
}

@inproceedings{BKK96,
   author =    {Borovansk\'{y}, B. and Kirchner, C. and Kirchner, H. and 
                Moreau, P.~E. and Vittek, M.},
   title =     "{ELAN: A Logical Framework Based on Computational Systems}",
   booktitle = "{Workshop on Rewriting Logic and Applications}",
   year =      1996,
   keywords =  {},
}

@book{Bir98,
   author =    {Bird, R.~S.},
   year =      1998,
   title =     "{Introduction to Functional Programming Using Haskell}",
   publisher = PH,
   address   = PH:INT,
   keywords =  {FP},
}

@inproceedings{Bir95,
   author =    {Bird, R.~S.},
   title =     "{Functional Algorithm Design}",
   year =      1995,
   booktitle = MPC,
   series =    {LNCS 947},
   pages =     {2--17},
   keywords =  {FP,BMF,fold},
}

@inProceedings{Bir89a,
   author =    {Bird, R.~S.},
   title =     "{Lectures on Constructive Functional Programming}",
   booktitle = "{Constructive Methods in Computer Science}",
   year =      1989,
   editor =    {M.\ Broy},
   series =    {NATO ASI Series, Vol.\ 55},
   pages =     {151--216},
}

@article{Bir89,
   author =   {Bird, R.~S.},
   title =    "{Algebraic Identities for Program Calculation}",
   year =     1989,
   journal =  "{The Computer Journal}",
   volume =   32,
   pages =    {122--126},
   keywords = {FP,BMF,fold},
}

@inproceedings{Bjo99,
   author =    {Bj{\o}rner, N.},
   title =     "{Type Checking Meta Programs}",
   year =      1999,
   booktitle = "{Workshop on Logical Frameworks and Meta-Languages}",
}

@inproceedings{BJJM98,
   author =    {Backhouse, R. and Jansson, P. and Jeuring, J. and Meertens, L.},
   title =     "{Generic Programming -- An Introduction}",
   year =      1999,
   booktitle = AFP,
   series =    {LNCS 1608},
   pages =     {28--115},
}

@book{BM97,
   author =    {Bird, R.~S. and Moor, O. de},
   year =      1997,
   title =     "{The Algebra of Programming}",
   publisher = PH,
   keywords =  {FP,BMF,fold},
}

@inproceedings{BNA91,
   author =    {Barth, P.~S. and Nikhil, R.~S. and Arvind},
   title =     "{M-Structures: Extending a Parallel, Non-strict, Functional 
                Language with State}",
   year =      1991,
   booktitle = FPCA,
   series =    {LNCS 523},
   pages =     {538--566},
   keywords =  {Array,State in FP},
}

@inproceedings{BNA91,
   author =    {Barth, P.~S. and Nikhil, R.~S. and Arvind},
   title =     "{M-Structures: Extending a Parallel, Non-strict, Functional 
                Language with State}",
   year =      1991,
   booktitle = FPCA,
   series =    {LNCS 523},
   pages =     {538--566},
   keywords =  {Array,State in FP},
}

@inproceedings{BCD88,
   author =    {Borras, P. and Cl\`{e}ment, D. and Despeyroux, T. and 
               Incerpi, J. and Kahn, G. and Lang, B. and Pascual, V.},
   title =     "{Centaur: The System}",
   year =      1988,
   pages =     {14--24},
   booktitle = "3rd ACM SIGSOFT Symp.\ on Software Development Environments",
}

@article{BS96,
   author =  {Barendsen, E. and Smetsers, S.},
   title =   "{Uniqueness Typing for Functional Languages with 
               Graph Rewriting Semantics}",
   journal = "{Mathematical  Structures in Computer Science}",
   volume =  6,
   year =    1996,
   pages =   {579--612},
}

@article{BST95,
   author =  {Buchsbaum, A.~L. and Sundar, R. and Tarjan, R.~E.},
   title =   "{Data Structural Bootstrapping, Linear Path Compression,
               and Catenable Heap-Ordered Double-Ended Queues}",
   journal = SIAMJC,
   volume =  24,
   number =  6,
   year =    1995,
   pages =   {1190--1206},
}

@article{BT93,
   author =  {Briggs, P. and Torczon, L.},
   title =   "{An Efficient Representation For Sparse Sets}",
   journal = "{ACM Letters on Programming Languages}",
   volume =  2,
   number =  "4",
   year =    1993,
   pages =   {59--69},
}

@article{BT95,
   author =  {Buchsbaum, A.~L. and Tarjan, R.~E.},
   title =   "{Confluently Persistent Deques via Data Structural Bootstrapping}",
   journal = "{Journal of Algorithms}",
   volume =  18,
   number =  3,
   year =    1995,
   pages =   {513--547},
}

@inproceedings{BBN91,
   author =    {Breazu-Tannen, V. and Bunemann, P. and Naqvi, S.},
   title =     "{Structural Recursion as a Query Language}",
   year =      1991,
   booktitle = "3rd " # DBPL,
   pages =     {1--12},
   keywords =  {fold,Collection},
}

@inproceedings{BBW92,
   author =    {Breazu-Tannen, V. and Bunemann, P. and Wong, L.},
   title =     "{Naturally Embedded Query Languages}",
   year =      1992,
   booktitle = "{4th Int.\ Conf.\ on Database Theory}",
   series =    {LNCS 646},
   pages =     {140--154},
   keywords =  {fold,Collection},
}

@incollection{BS01,
   author =   {Baader, F. and Snyder, W.},
   title =    "{Unification Theory}",
   editor =    {Robinson, A. and Voronkov, A.},
   booktitle = "{Handbook of Automated Reasoning}",
   chapter =  8,
   publisher = {Elsevier Science Publishers},
   address =   {Amsterdam, NL},
   pages = "445--533",
   year =      2001,
}

@book{BN98,
 author = {Baader, Franz and Nipkow, Tobias},
 title = "{Term Rewriting and All That}",
 year = 1998,
 publisher = {Cambridge University Press},
} 

@inproceedings{BTS91,
   author =    {Breazu-Tannen, V. and Subrahmanyan, R.},
   title =     "{Logical and Computational Aspects of Programming with
                 Sets/Bags/Lists}",
   year =      1991,
   booktitle = "{18th Int.~Coll.~on Automata, Languages and Programming}",
   series =    {LNCS 510},
   pages =     {60--75},
   keywords =  {fold,MCC,Collection},
}

@book{BW88,
   author =    {Bird, R.~S. and Wadler, P.},
   title =     "{Introduction to Functional Programming}",
   year =      1988,
   publisher = PH,
   address =   PH:USA,
   isbn =      {0-13-484189-1},
   keywords =  {FP,Miranda},
}

@book{BW88de,
   author =    {Bird, R.~S. and Wadler, P.},
   title =     "{Einf\"{u}hrung in die funktionale Programmierung}",
   year =      1992,
   publisher = {Hanser Verlag},
   address =   {M{\"{u}}nchen},
   isbn =      {3-446-17001-4},
   keywords =  {FP,Miranda},
}

@book{BW96,
   author =    {Barr, M. and Wells, C.},
   year =      1996,
   title =     "{Category Theory for Computing Science}",
   publisher = PH,
}

@inproceedings{Blo89,
   author =    {Bloss, A.},
   title =     "{Update Analysis and the Efficient Implementation of Functional 
                Aggregates}",
   year =      1989,
   booktitle = FPCA,
   series =    {},
   pages =     {26--38},
   keywords =  {Array,State in FP},
}

@inproceedings{BO91,
   author =    {Buneman, P. and Ohori, A.},
   title =     "{A Type System that Reconciles Classes and Extents}",
   booktitle = "3rd " # DBPL,
   year =      1991,
   pages =     {191--202},
   keywords =  {Data Model,Heterogeneous Collection,Subtype/Inheritance,Type 
                Systems},
}

@techreport{BP99,
   author =      {Buneman, P. and Pierce, B.},
   year =        1999,
   title =       "{Union Types for Semistructured Data}",
   type =        {Technical Report},
   number =      {MS-CIS-99-09},
   institution = {University of Pennsylvania},
   keywords =    {Pattern Matching},
}

@phdThesis{Buc93,
   author = {Buchsbaum, A.~L.},
   title =  "{Data Structural Bootstrapping and Catenable Dequeues}",
   school = {Department of Computer Science, Princeton University},
   year =   1993,
}

@InProceedings{Bur77,
  author =     "R.~M. Burstall",
  title =      "{Design Considerations for a Functional Programming Language}",
  booktitle =  "Infotech State of the Art Conference",
  publisher =  "Infotech",
  address =    "Copenhagen, DK",
  year =       "1977",
  keywords =   "functional NPL Hope List comprehension",
}

@article{Bur82,
   author =  {Burton, F.~W.},
   title =   "{An Efficient Functional Implementation of FIFO Queues}",
   journal = IPL,
   volume =  14,
   number =  5,
   year =    1982,
   pages =   {205--206},
}

@article{BC93,
   author =  {Burton, F.~W. and Cameron, R.~D.},
   title =   "{Pattern Matching with Abstract Data Types}",
   journal = JFP,
   volume =  3,
   number =  2,
   year =    1993,
   pages =   {171--190},
}

@unpublished{BMSTW96,
   author =  {Burton, F.~W. and Meijer, E. and Sansom, P. and Thompson, S.
              and Wadler, P.},
   title =   "{Views: An Extension to Haskell Pattern Matching}",
   year =    1996,
   note =    "{http://haskell.org/development/views.html}",
}

@article{BY90,
   author =  {Burton, F.~W. and Yang, H.-K.},
   title =   "{Manipulating Multilinked Data Structures in a Pure Functional 
              Language}",
   journal = "{Software -- Practice and Experience}",
   volume =  20,
   number =  11,
   year =    1990,
   pages =   {1167--1185},
}

@article{CC03,
   author =   {Caires, L. and Cardelli, L.},
   title =    "{A Spatial Logic for Concurrency (Part I)}",
   journal =  "{Information and Computation}",
   volume =   186,
   number =   2,
   year =     2003,
   pages =    {194--235},
}

@article{Car85,
   author =   {Cardelli, L.},
   title =    "{Basic Polymorphic Type Checking}",
   journal =  SCP,
   volume =   8,
   year =     1987,
   pages =    {147--172},
   keywords = {FP,types},
}

@article{CKS09,
  title = {{Finally Tagless, Partially Evaluated: Tagless Staged Interpreters for Simpler Typed Languages}},
  author = {Carette, J. and Kiselyov, O. and Shan, C.~C.},
  journal = JFP,
  volume = 19,
  number = 5,
  pages = {509--543},
  year = 2009,
}

@inproceedings{CC77,
   author =    {Cousot, P and Cousot, R.},
   title =     "{Abstract Interpretation: A Unified Lattice Model for Static 
                Analysis of Programs by Construction or Approximation of
                Fixpoints}",
   year =      1977,
   booktitle = "4th " # POPL,
   pages =     {238--252},
}

@inproceedings{CG93,
   author =    {Chuang, T.-R. and Goldberg, B.},
   title =     "{Real-Time Deques, Multihead Turing Machines, and Purely 
                 Functional Programming}",
   year =      1993,
   booktitle = FPCA,
   series =    {},
   pages =     {289--293},
}

@inproceedings{Chi01,
   author =    {Chitil, O.},
   title =     "{Compositional Explanation of Types and Algorithmic
                 Debugging of Type Errors}",
   booktitle = "6th " # ICFP,
   year =      2001,
   pages =     {193--204},
}

@inproceedings{Chi92,
   author =    {Chin, W.~N.},
   title =     "{Safe Fusion of Functional Expressions}",
   booktitle = LFP,
   year =      1992,
   pages =     {11--20},
   keywords =  {Fusion},
}

@article{CHP91,
  author = {Cordy, J.~R. and {Halpern-Hamu}, C.~D. and Promislow, E.},
  title =   "{TXL: A Rapid Prototyping System for Programming 
              Language Dialects}",
  journal = {Computer Languages},
  volume =  16,
  number =  1,
  pages =   "97--107",
  year =    1991,
}

@phdthesis{Cho02,
   author =   {Choppella, V.},
   title =    "{Unification Source Tracking With Application to 
                Diagnosis of Type Inference}",
   type =     "{Ph.D.~Thesis}",
   year =     2002,
   school =   {Indiana University},
}

@inproceedings{Chu96,
   author =    {Chuang, T.-R.},
   title =     "{A Functional Perspective of Array Primitives}",
   booktitle = "{2nd Fuji Int.\ Workshop on Functional and Logic Programming}",
   year =      1996,
   pages =     {71--90},
   keywords =  {Arrays,Fold},
}

@article{Chu36,
   author =    {Church, A.},
   title =     "{An Unsolvable Problem of Elementary Number theory}",
   year =      1936,
   journal =  "{American Journal of Mathematics}",
   volume =   58,
   pages =    {354--363},
}

@book{Chu41,
   author =    {Church, A.},
   title =     "{The Calculi of Lambda Conversion}",
   year =      1941,
   publisher = {Princeton University Press},
   address =   {Princeton, NJ},
   isbn =      {0-691-08394-0},
   keywords =  {Lambda Calculus},
}

@inproceedings{Chu92,
   author =    {Chuang, T.-R.},
   title =     "{Fully Persistent Arrays for Efficient Incremental Updates and 
                Voluminous Reads}",
   booktitle = ESOP,
   year =      1992,
   series =    {LNCS 582},
   pages =     {110--129},
   keywords =  {Functional Array},
}

@inproceedings{CKPM05,
   author =    {Chakravarty, M.~M.~T. and Keller, G. and 
                {Peyton Jones}, S. and Marlow, S.},
   title =     "{Associated Types with Class}",
   year =      2005,
   booktitle = POPL,
   pages =     {1--13},
}

@inproceedings{CL90,
   author =    {Cardelli, L. and Longo, G.},
   title =     "{A Semantic Basis for Quest}",
   year =      1990,
   booktitle = LFP,
   pages =     {30--43},
}

@article{Cla99,
   author =    {Claessen, K.},
   title =     "{A Poor Man's Concurrency Monad}",
   journal =   JFP,
   year =      1999,
   volume =    9,
   number =    3,
    pages =   "313--323",
}

@inproceedings{CL00,
   author =    {Claessen, K. and Ljungl{\"{o}}, P.},
   title =     "{Typed Logical Variables in Haskell}",
   booktitle = "{Haskell Workshop}",
   year =      2000,
   note =      "{Electronic Notes in Theoretical Computer Science, 
                 Vol.\ 41, No.\ 1}"
}

@incollection{CSS03,
   author =   {Claessen, K. and Sheeran, M. and Singh, S.},
   title =    "{Functional Hardware Description in Lava}",
   year =     2003,
   booktitle =  "{The Fun of Programming}",
   editor = "{J.~Gibbons and O.~{de Moor}}",
   pages =    {151--176},
}

@inproceedings{CM96,
   author =    {Clavel, M. and Meseguer, J.},
   title =     "{Reflection and Strategies in Rewrite Logic}",
   booktitle = "{Workshop on Rewriting Logic and Applications 1996}",
   year =      1996,
   keywords =  {},
}

@Book{nuprl-book,
  author =    "{Constable, R.~L., {et al.}}",
  title =     "{Implementing Mathematics with the {N}uPrl Development System}",
  publisher = PH,
  address =   PH:USA,
  year =      1986,
}

@article{Coq96,
   author =  {Coquand, T.},
   title =   "{An Algorithm for Type Checking Dependent Types}",
   journal = SCP,
    volume = 26,
    number = "1--3",
    pages = "167--177",
    year = 1996,
}

@inproceedings{CS92,
   author     = "Cockett J.~R.~B. and Spencer D.",
   title      = "{Strong Categorical Datatypes I}",
   booktitle  = "{Int.\ Meeting on Category Theory}",
   year       = 1992,
   pages =      {141--169},
   publisher  = "Canadian Mathematical Society",
}

@article{CW85,
   author =   {Cardelli, L. and Wegner, P.},
   title =    "{On Understanding Types, Data Abstraction, and Polymorphism}",
   journal =  "Computing Surveys",
   volume =   17,
   number =   4, 
   year =     1985,
   pages =    {471--522},
   keywords = {FP,types},
}

@techreport{DN04,
  author      = "Danvy, O. and Nielsen, L.~R.",
  title       = "{Refocusing in Reduction Semantics}",
  institution = "BRICS",
  year        = 2004,
  type        = "Research Series",
  number      = "RS-04-26",
  address     = "Department of Computer Science, University of Aarhus",
  month       = Nov,
}

@article{deB72,
   author =   {{de Bruijn}, N.~G.},
   title =    "{Lambda Calculus Notation with Nameless Dummies: A Tool for
                Automatic Formula MAnipulation with Application to the
                Church-Rosser Theorem}",
   journal =  "Indagationes Mathematicae",
   volume =   34,
   number =   5, 
   year =     1972,
   pages =    {381--392},
   keywords = {lambda calculus},
}

@incollection{DJ90,
   author =   {Dershowitz, N. and Jouannaud, J.-P.},
   title =    "{Rewrite Systems}",
   chapter =  6,
   pages =    {243--320},
   editor =    {van Leeuwen, J.},
   booktitle = "{Handbook of Theoretical Computer Science, Vol.~B: Formal Methods 
                and Semantics}",
   year =      1990,
   publisher = {Elsevier Science Publishers},
   address =   {Amsterdam, NL},
}

@article{DKV00,
   author =   {{van Deursen}, A. and Klint, P. and Visser, J.},
   title =    "{Domain-Specific Languages -- An Annotated Bibliography}",
   year =     2000,
   journal =  {ACM SIGPLAN Notices},
   volume =   35,
   number =   6,
   pages =    {26--36},
}

@incollection{DP01,
   author =   {Dershowitz, N. and Plaisted, D.~A.},
   title =    "{Rewriting}",
   chapter =  9,
   editor =    {Robinson, A. and Voronkov, A.},
   booktitle = "{Handbook of Automated Reasoning}",
   publisher = {Elsevier Science Publishers},
   address =   {Amsterdam, NL},
   pages =     "535--610" ,
   year =      2001,
}

@inproceedings{Deu90,
   author =    {Deutsch, A.},
   title =     "{On Determining Lifetime and Aliasing of Dynamically Allocated 
                Data in Higher-Order Functional Specifications}",
   year =      1990,
   booktitle = "17th " # POPL,
   pages =     {157--168},
   keywords =  {State in FP},
}

@inproceedings{Die82,
   author =    {Dietz, P.~F.},
   title =     "{Maintaining Order in a Linked List}",
   year =      1982,
   booktitle = "14th " # STOC,
   pages =     {122--127},
}

@inproceedings{Die89,
   author =    {Dietz, P.~F.},
   title =     "{Fully Persistent Arrays}",
   year =      1989,
   booktitle = WADT,
   series =    {LNCS 382},
   pages =     {67--74},
   keywords =  {FP,State in FP,Persistence},
}

@article{Die96,
   author =   {Dietz, P.~F.},
   title =    "{A Space Efficient Variant of Path Copying for 
                Partially Persistent Sorted Sets}",
   year =     1996,
   journal =  JCSS,
   volume =   53,
   number =    1,
   pages =    {148--152},
   keywords = {Persistence},
}

@inproceedings{DM82,
   author =    {Damas, L. and Milner, R.},
   title =     "{Principal Type Schemes for Functional Programming Languages}",
   year =      1982,
   booktitle = "9th " # POPL,
   pages =     {207--208},
}

@phdthesis{DorPhD,
   author =    {Dornan, C.~B.},
   title =     "{Type-Secure Meta-Programming}",
   school =    {University of Bristol},
   year =      1998,
}

@article{DSST89,
   author =   {Driscoll, J.~R. and Sarnak, N. and Sleator, D.~D. and Tarjan, 
               R.~E.},
   title =    "{Making Data Structures Persistent}",
   year =     1989,
   journal =  JCSS,
   volume =   38,
   number =    1,
   pages =    {86--124},
   keywords = {Persistence},
}

@article{DST94,
   author =    {Driscoll, J.~R. and Sleator, D.~D. and Tarjan, R.~E.},
   title =     "{Fully Persistent Lists with Catenation}",
   journal =   JACM,
   volume =    41,
   number =    5,
   year =      1994,
   pages =     {943--959},
   keywords = {Persistence},
}

@article{DB96,
    author    = "{D. Duggan and F. Bent}",
    title     = "{Explaining Type Inference}",
    journal   = SCP,
    volume    = 27, 
    pages     = "37--83",
    year      = "1996"
}

@phdThesis{DybPhD,
   author =   {Dybkj{\ae}r, H.},
   title =    "{Category Theory, Types, and Programming Laguages}",
   school =   {University of Copenhagen},
   year =     1991,
   keywords = {algebra,dialgebra},
}

@techreport{Ede80,
   author =      {Edelsbrunner, H.},
   year =        1980,
   title =       "{Dynamic Data Structures for Orthogonal Intersection Queries}",
   type =        {Technical Report},
   number =      {F 59},
   institution = {Institut f\"{u}r Informationsverarbeitung, 
                  Technische Universit\"{a}t Graz},
   keywords =    {Fusion},
}

%%%%% 
%
% THE FUN OF PROGRAMMING
%

@book{FoP03,
   year =     2003,
   title =  "{The Fun of Programming}",
   editor = "{J.~Gibbons and O.~{de Moor}}",
   publisher = "{Palgrave MacMillan}",
}

@incollection{CH03,
   author =   {Claessen, K. and Hughes, J.},
   title =    "{Specification-Based Testing with QuickCheck}",
   year =     2003,
   booktitle =  "{The Fun of Programming}",
   editor = "{J.~Gibbons and O.~{de Moor}}",
   publisher = "{Palgrave MacMillan}",
   pages =    {17--39},
}

@incollection{Hud03,
   author =   {Hudak, P.},
   title =    "{Describing and Interpreting Music in Haskell}",
   year =     2003,
   booktitle =  "{The Fun of Programming}",
   editor = "{J.~Gibbons and O.~{de Moor}}",
   publisher = "{Palgrave MacMillan}",
   pages =    {61--78},
}

@incollection{Pat03,
   title = "{Arrows and Computation}",
   author = "Paterson, R.",
   year =     2003,
   booktitle =  "{The Fun of Programming}",
   editor = "{J.~Gibbons and O.~{de Moor}}",
   publisher = "{Palgrave MacMillan}",
   pages =    {201--222},
}

@incollection{Ell03,
   author =   {Elliott, C.},
   title =    "{Functional Images}",
   year =     2003,
   booktitle =  "{The Fun of Programming}",
   editor = "{J.~Gibbons and O.~{de Moor}}",
   pages =    {131--150},
}

@incollection{PJE03,
   author =   {{Peyton Jones}, S.~L. and Eber, J.~M.},
   title =    "{How to Write a Financial Contract}",
   year =     2003,
   booktitle =  "{The Fun of Programming}",
   editor = "{J.~Gibbons and O.~{de Moor}}",
   publisher = "{Palgrave MacMillan}",
   pages =    {105--129},
}

@incollection{CSS03,
   author =   {Claessen, K. and Sheeran, M. and Singh, S.},
   title =    "{Functional HArdware Description in Lava}",
   year =     2003,
   booktitle =  "{The Fun of Programming}",
   editor = "{J.~Gibbons and O.~{de Moor}}",
   publisher = "{Palgrave MacMillan}",
   pages =    {151--176},
}

@incollection{Wad03,
   author =   {Wadler, P.},
   title =    "{A Prettier Printer}",
   year =     2003,
   booktitle =  "{The Fun of Programming}",
   editor = "{J.~Gibbons and O.~{de Moor}}",
   publisher = "{Palgrave MacMillan}",
   pages =    {223--244},
}

%
%
%%%%%

@inproceedings{Ell09,
 author = {Elliott, C.},
 title = "{Beautiful Differentiation}",
 booktitle = "14th " # ICFP,
 year = {2009},
  pages = {191--202},
 keywords = {relational parametricity},
} 

@inproceedings{Erd11gpce,
   author = {Erdweg, S. and Kats, L.~C.~L. and Rendel, T. and K\"{a}stner, C. and Ostermann, K. and Visser, E.},
   title  = "{Growing a Language Environment with Editor Libraries}",
   booktitle = GPCE,
   pages = {167--176},
   year = 2011,
}

@inproceedings{Erd11oopsla,
   author = {Erdweg, S. and Rendel, T. and K\"{a}stner, C. and Ostermann, K.},
   title  = "{Growing a Language Environment with Editor Libraries}",
   booktitle = OOPSLA,
   pages = {391--406},
   year = 2011,
}

@book{FFF09,
   author =    {Felleisen, M. and Findler, R.~B. and Flatt, M.},
   title =     "{Semantics Engineering with PLT Redex}",
   year =      2009,
   publisher = MIT,
   address =   MIT:USA,
}

@book{F3K01,
   author =    {Felleisen, M. and Findler, R.~B. and Flatt, M. 
                and Krishnamurthi, S.},
   title =     "{How to Design Programs---An Introduction 
                 to Programming and Computing}",
   year =      2001,
   publisher = MIT,
   address =   MIT:USA,
}

@inproceedings{FB97,
   author =    {F\"{a}hndrich, M. and Boyland, J.},
   title =     "{Statically Checkable Pattern Abstractions}",
   year =      1997,
   booktitle = "2nd " # ICFP,
   pages =     {75--84},
}

@techreport{Feg96,
   author =      {Fegaras, L.},
   year =        1996,
   title =       "{Fusion for Free!}",
   type =        {Report},
   number =      {96-001},
   institution = {Oregon Grade Institute of Science and Technology},
   keywords =    {Fusion},
}

@book{FH88,
   author =    {Field, A.~J. and Harrison, P.~G.},
   title =     "{Functional Programming}",
   year =      1988,
   publisher = AW,
   address =   AW:Woki,
   isbn =      {0-201-19249-7},
   keywords =  {FP,Hope,Implementation},
}

@techreport{Racket,
  title       = {Reference: Racket},
  author      = {Matthew Flatt and PLT},
  number      = {PLT-TR-2010-1},
  institution = {PLT Inc.},
  year        = {2010},
  note        = {\url{http://racket-lang.org/tr1/}}
}

@phdThesis{FokPhD,
   author =   {Fokkinga, M.~M.},
   title =    "{Law and Order in Algorithmics}",
   school =   {University of Twente},
   year =     1992,
   keywords = {fold,laws,algebra,coalgebra,bialgebra,hylomorphisms},
}

@article{Fok96,
   author =  {Fokkinga, M.~M.},
   title =   "{Datatype Laws without Signatures}",
   journal = "{Mathematical Structures in Computer Science}",
   volume =  6,
   year =    1996,
   pages =   {1--32},
   keywords =  {fold,laws,algebra,coalgebra,bialgebra},
}

@inproceedings{FM95,
   author =    {Fegaras, L. and Maier, D.},
   title =     "{Towards an Effective Calculus for Object Query Languages}",
   booktitle = SIGMOD,
   year =      1995,
   pages =     {47--58},
   keywords =  {Collection,Monoid,Comprehension,fold,MCC},
}

@InProceedings{FPT99,
   author = {Fiore, M. and Plotkin, G. and Turi, D.},
   title = "{Abstract Syntax and Variable Binding}",
   Booktitle= "14th " # LICS,
   pages = {193--202},
   year = 1999,
}

@inproceedings{FS96,
   author =    {Fegaras, L. and Sheard, T.},
   title =     "{Revisiting Catamorphisms over Datatypes with Embedded Functions}",
   booktitle = "23rd " # POPL,
   year =      1996,
   pages =     {284--294},
   keywords =  {FP,fold},
}

@article{FSST86,
   author =    {Fredman, M.~L. and Sedgewick, R. and Sleator, D.~D. 
                and Tarjan, R.~E.},
   title =     "{The Pairing Heap: A New Form of Self-Adjusting Heap}",
   journal =   "{Algorithmica}",
   volume =    1,
   number =    1,
   year =      1986,
   pages =     {111--129},
}

@manual{FT96,
   author = "Fukushima, T. and Tuckey, C.",
   title  = "{Charity User Manual}",
   month  = jan,
   year   = 1996,
}

@inproceedings{Gib95,
   author =    {Gibbons, J.},
   title =     "{An Initial Algebra Approach to Directed Acyclic Graphs}",
   booktitle = MPC,
   series =    {LNCS 947},
   year =      1995,
   pages =     {282--303},
}

@inproceedings{GJ98,
   author =    {Gibbons, J. and Jones, G.},
   title =     "{The Under-Appreciated Unfold}",
   booktitle = "3rd " # ICFP,
   year =      1998,
   pages =     {273--279},
}

@inproceedings{GLP93,
   author =    {Gill, A. and Launchbury, J. and {Peyton Jones}, S.~L.},
   title =     "{A Short Cut to Deforestation}",
   booktitle = FPCA,
   year =      1993,
   pages =     {223--232},
   keywords =  {Fold,Optimization},
}

@incollection{Gog90,
   author =   {Goguen, J.~A.},
   title =    "{Higher-Order Functions Considered Unnecessary for Higher-Order 
               Programming}",
   crossref = {ResTopInFP},
   pages =    {309--352},
   keywords = {Algebra},
}

@book{Gun92,
   author =    {Gunter, C.~A.},
   title =     "{Semantics of Programming Languages -- Structures and
                 Techniques}",
   year =      1992,
   publisher = MIT,
   address =   MIT:USA,
}

@inproceedings{GK91,
   author =    {Graham, T.~C.~M. and Kock, G.},
   title =     "{Domesticating Imperative Constructs so that They Can Live in a 
                Functional World}",
   booktitle = "{3rd Int.\ Symp.\ on Programming Language Implementation 
                 and Logic Programming}",
   year =      1991,
   series =    {LNCS 528},
   pages =     {51--62},
   keywords =  {State in FP},
}

@inproceedings{GH90,
   author =    {Guzm{\'a}n, J.~C. and Hudak, P.},
   title =     "{Single-Threaded Polymorphic Lambda Calculus}",
   booktitle = "14th " # LICS,
   year =      1990,
   series =    {},
   pages =     {333--343},
   keywords =  {State in FP},
}

@inproceedings{GP99,
   author =    {Gabbay, M. and Pitts, A.~M. },
   title =     "{A New Approach to Abstract Syntax Involving Binders}",
   year =      1999,
   booktitle = "5th " # LICS,
   pages =     {214--224},
   keywords =  {Binding,HOAS,FP},
}

@book{Gri81,
   author =    {Gries, D.},
   title =     "{The Science of Programming}",
   year =      1981,
   publisher = SP,
   address =   SP:USA,
}

@article{GS89,
   author =  {Gallier, J. and Snyder, W.},
   title =   "{Complete Sets of Transformations for General $E$-Unification}",
   journal = TCS,
   volume =  67,
   number =  "2,3",
   year =    1989,
   pages =   {203--260},
}

@incollection{GTW78,
   author =   {Goguen, J.~A. and Thatcher, J.~W. and Wagner, E.~G.},
   title =    "{An Initial Algebra Approach to the Specification,
                Correctness, and Implementation of Abstract Data Types}",
   publisher = PH,
   address =   PH:USA,
   year =      1978,
   editor =    {Yeh, R.~T.},
   booktitle = "Current Trends in Programming Methodology, 
                Vol.\ 4: Data Structuring",
   pages =    {80-149},
   keywords = {Algebra},
}

@article{GT86,
   author =  {Gajewska, H. and Tarjan, R.~E.},
   title =   "{Deques with Heap Order}",
   journal = IPL,
   volume =  22,
   number =  4,
   year =    1986,
   pages =   {197--200},
}

@phdThesis{Hag87,
   author =  {Hagino, T.},
   title =   "{A Categorical Programming Language}",
   school =   {University of Edinburgh},
   year =     1987,
}

@article{Hag89,
   author =  {Hagino, T.},
   title =   "{Codatatypes in ML}",
   journal = "{Journal of Symbolic Computation}",
   volume =  8,
   pages =   {629--650},
   year =    1993,
}

@inproceedings{Hag93,
   author =    {Hagino, T.},
   title =     "{A Categorical Programming Language}",
   booktitle = "Advances in Software Science and Technology",
   year =      1993,
   series =    {Vol.\ 4},
   editor =    {Takeichi, M.},
   publisher = AP,
   pages =     {111--135},
}

@book{Har93,
   author =    {Harrison, R.},
   title =     "{Abstract Data Types in Standard ML}",
   year =      1989,
   publisher = WIL,
   address =   WIL:UK,
   isbn =      {0-471-93844-0},
   keywords =  {FP,ML},
}

@book{Haskell98,
   author =    {{Peyton Jones}, S.~L.},
   title =     "{Haskell 98 Language and Libraries: The Revised Report}",
   year =      2003,
   publisher = CUP,
   address   = CUP:UK,
   pages = {270},
}

@misc{ghc,
   author = "{GHC}",
   title = "{The Glasgow Haskell Compiler}",
   howpublished = "{\url{http://haskell.org/ghc}}",
   month = {accessed: } # Jun,
   year = 2013
}

@article{Har94,
 author = {Robert Harper},
 title = {A simplified account of polymorphic references},
 journal = {Inf. Process. Lett.},
 volume = {51},
 number = {4},
 year = {1994},
 issn = {0020-0190},
 pages = {201--206},
 doi = {http://dx.doi.org/10.1016/0020-0190(94)90120-1},
 publisher = {Elsevier North-Holland, Inc.},
 address = {Amsterdam, The Netherlands, The Netherlands},
 }

@article{Hay87,
   author =    {Haynes, C.~T.},
   title =     "{Logic Continuations}",
   year =      1987,
   journal =  "{The Journal of Logic Programming}",
   volume =   4,
   pages =    {157--176},
}

@inproceedings{Hec88,
   author =    {Heckmann, R.},
   title =     "{A Functional Language for the Specification of Complex 
                 Tree Transformations}",
   booktitle = ESOP,
   year =      1988,
   pages =     {175--190},}

@techreport{HJSA02,
    title       = "{Improving Type-Error Messages in Functional Languages}", 
    author      = "B. Heeren and J. Jeuring and D. Swierstra and P.~A. Alcocer",
    year        = "2002",
    institution = "Institute of Information and Computing Science",    
    address     = "University Utrecht, Netherlands",
    note        = "Technical Report",
    number      = "UU-CS-2002-009",          
}

@inproceedings{Hud98dsl,
 author = {P. Hudak},
 title = "{Modular Domain Specific Languages and Tools}",
 booktitle = "{IEEE Int.\ Conf.\ on Software Reuse}",
 year = {1998},
 pages = {134--142},
}

@article{hudak96building,
    author = "Paul Hudak",
    title = "Building domain-specific embedded languages",
    journal = "ACM Computing Surveys",
    volume = "28",
    number = "4es",
    pages = "196--196",
    year = "1996",
    url = "citeseer.ist.psu.edu/hudak96building.html" }

@inproceedings{HB85,
   author =    {Hudak, P. and Bloss, A.},
   title =     "{The Aggregate Update Problem in Functional Programming Systems}",
   year =      1985,
   booktitle = "12th " # POPL,
   pages =     {300--313},
   keywords =  {Array,State in FP},
}

@inproceedings{HD94,
    author = {J. Hatcliff and O. Danvy},
    title = "{A Generic Account of Continuation-Passing Styles}",
    booktitle = "21st " # POPL,
    pages = "458--471",
    year = "1994",
}

@book{Hen80,
   author =    {Henderson, P.},
   title =     "{Functional Programming -- Application and Implementation}",
   year =      1980,
   publisher = PH,
   address =   PH:USA,
   isbn =      {0-13-331579-7},
   keywords =  {FP,Lisp},
}

@book{HL94,
   author =    {Hill, P.~M. and Lloyd, J.~W.},
   title =     "{The G\"{o}del Programming Language}",
   year =      1994,
   publisher = MIT,
   address =   MIT:USA,
}

@article{HHPW96,
  author = {C.~V. Hall and K. Hammond and S.~L. {Peyton Jones} and P.~L. Wadler},
  title =        "{Type Classes in Haskell}",
  journal =      TOPLAS,
  volume =       "18",
  number =       "2",
  pages =        "109--138",
  year =         "1996",
}

@article{HPR89,
  author =  {Horwitz, S. and Prins, J. and Reps, T.},
  title =   "{Integrating Non-Interfering Versions of Programs}",
  journal = TOPLAS,
  volume =  "11",
  number =  "3",
  pages =   "345--387",
  year =    "1989",
}

@book{HU79,
   author =    {Hopcroft, J.~E. and Ullman, J.D.},
   title =     "{Introduction to Automata Theory, Languages, and Computation}",
   year =      1979,
   publisher = AW,
}

@inproceedings{HIT96,
   author =    {Hu, Z. and Iwasaki, H. and Takeichi, M.},
   title =     "{Deriving Structural Hylomorphisms from Recursive Definitions}",
   year =      1996,
   booktitle = "1st " # ICFP,
   pages =     {73--82},
   keywords =  {Fold,Optimization},
}

@inproceedings{HITT97,
   author =    {Hu, Z. and Iwasaki, H. and Takeichi, M. and Takano, A.},
   title =     "{Tupling Calculation Eliminates Multiple Data Traversals}",
   year =      1997,
   booktitle = "2nd " # ICFP,
   pages =     {164--175},
   keywords =  {Fold,Optimization},
}

@article{HM81,
   author =  {Hood, R. and Melville, R.},
   title =   "{Real-Time Queue Operations in Pure List}",
   journal = IPL,
   volume =  13,
   number =  2,
   year =    1981,
   pages =   {50--53},
}

@article{HRE95,
   author =    {de Hoon, W. and Rutten L. and van Eekelen, M.},
   title =     "{Implementing a Functional Spreadsheet in CLEAN}",
   journal =   JFP,
   volume =    5,
   number =    3,
   pages =     {383--414},
   year =      1995,
}

@inproceedings{HP01,
   author =    {Hosoya, H. and Pierce, B. C.},
   title =     "{Regular Expression Pattern Matching for XML}",
   year =      "2001",
   booktitle = "28th " # POPL,
   keywords =  {XML, Query Language},
}

@inproceedings{HVP00,
   author =    {Hosoya, H. and Vouillon, J. and Pierce, B. C.},
   title =     "{Regular Expression Types for XML}",
   year =      "2000",
   booktitle = "5th " # ICFP,
   pages =     {11--22},
   keywords =  {XML, Query Language},
}

@inproceedings{Hud86,
   author =    {Hudak, P.},
   title =     "{Arrays, Non-Determinism, Side-Effects, and Parallelism: A 
                Functional Perspective}",
   year =      1986,
   booktitle = "{Workshop on Graph Reduction}",
   series =    {LNCS 279},
   pages =     {312--327},
   keywords =  {FP,State in FP},
}

@article{Hud89,
   author =   {Hudak, P.},
   year =     1989,
   title =    "{Conceptions, Evolution, and Application of Functional Programming 
               Languages}",
   journal =  "{ACM Computing Surveys}",
   volume =   21,
   pages =    {359--411},
   keywords = {FP},
}

@techreport{Hud92,
   author =      {Hudak, P.},
   year =        1992,
   title =       "{Continuation-Based Mutable Abstract Datatypes -- or -- How to 
                  Have Your State and Munge it Too}",
   type =        {Report},
   number =      {YALEU/DCS/RR-914},
   institution = {Yale University},
   keywords =    {State in FP},
}

@article{Hud96dsel,
    author = "Paul Hudak",
    title = "{Building Domain-Specific Embedded Languages}",
    journal = "{ACM Computing Surveys}",
    volume = "28",
    number = "4es",
    pages = "196--196",
    year = "1996",
    url = "citeseer.nj.nec.com/hudak96building.html" 
}

@article{Hug89,
   author =   {Hughes, J.},
   year =     1989,
   title =    "{Why Functional Programming Matters}",
   journal =  "{The Computer Journal}",
   volume =   32,
   pages =    {98--107},
   keywords = {FP},
}

@inproceedings{Hug95,
   author =   {Hughes, J.},
   title =    "{The Design of a Pretty-Printing Library}",
   year =      1995,
   booktitle = AFP,
   series =    {LNCS 925},
   pages =     {53--96}, }

@article{Hut92,
   author =  {Hutton, G.},
   title =   "{Higher-order Functions for Parsing}",
   journal = JFP,
   volume =  3,
   number =  2,
   year =    1992,
   pages =   {323--343},
}

@article{HM98,
   author =  {Hutton, G. and Meijer, E.},
   title =   "{Monadic Parsing in Haskell}",
   journal = JFP,
   volume =  8,
   number =  4,
   year =    1998,
}

@phdThesis{Hoo82,
   author = {R. Hood},
   title =  "{The Efficient Implementation of Very-High-Level 
              Programming Language Constructs}",
   school = {Department of Computer Science, Cornell University},
   year =   1982,
}

@incollection{How80,
   author =    {Howard, W.~A.},
   title =     "{The Formulae-As-Types Notion of Construction}",
   pages =     {479-490},
   booktitle = "{To H.~B.\ Curry; Essays on Combinatory Logic, 
                 Lambda Calculus and Formalism}",
   publisher = AP,
   year =      1980,
   editor =    {Seldin, J.~P. and Hindley, J.~R.},
}

@book{HS86,
   author =    {Hindley, R. and Seldin, J.~P.},
   title =     "{Introduction to Combinators and $\lambda$-Calculus}",
   year =      1986,
   publisher = CUP,
   address =   "{London, UK}",
}

@INPROCEEDINGS{HW03,
AUTHOR    = "Haack, C. and Wells, J.",
TITLE     = "{Type Error Slicing in Implicitly Typed Higher-Order Languages}",
YEAR      = "2003",
BOOKTITLE = "12th European Symp.\ on Programming",
SERIES    = "LNCS 2618",
PAGES     = "284--301",
}

@inproceedings{IS91,
   author =    {Italiano, G.~F. and Sarnak, N.},
   title =     "{Fully Persistent Data Structures for Disjoint Set Union Problems}",
   year =      1991,
   booktitle = WADT,
   series =    {LNCS 519},
   pages =     {449--460},
}

@book{JGS93,
   author =    {Jones, N.~D. and Gomard, C.~K. and Sestoft, P.},
   title =     "{Partial Evaluation and Automatic Program Transformation}",
   year =      1993,
   publisher = PH,
   address =   "{Hemel Hempstead, UK}",
}

@inproceedings{JMT00,
  author =       "Jun, Y. and Michaelson, G. and Trinder, P.",
  title =        "{How Do People Check Polynorphic Types?}",
  year =      "2000",
  booktitle = "{12th Psychology of Programming Interest Group Workshop}",
  pages =     "67--80",
}

@article{Joh98,
  author =       "Johnsson, T.",
  title =        "{Efficient Graph Algorithms Using Lazy Monolithic Arrays}",
  year =         "1998",
  journal =      JFP,
  volume =       "8",
  number =       "4",
  pages =        "323--333",
}

@inproceedings{Jon92,
  author =       "M.~P. Jones",
  title =        "{A Theory of Qualified Types}",
  year =      "1992",
  booktitle = "{3rd European Symp.\ on Programming}",
  series =    {LNCS 582},
  pages =     "287--306",
}

@article{Jon95jfp,
  author =       "Mark P. Jones",
  title =        "{A System of Constructor Classes: Overloading and
                 Implicit Higher-Order Polymorphism}",
  year =         "1995",
  journal =      JFP,
  volume =       "5",
  number =       "1",
  pages =        "1--35",
}

@inproceedings{Jon95school,
  author =       "Mark P. Jones",
  title =        "{Functional Programming with Overloading and 
                  Higher-Order Polymorphism}",
  year =      1995,
  booktitle = AFP,
  series =    {LNCS 925},
  pages =     {470--482},
}

@inproceedings{Jon00,
  author =       "Mark P. Jones",
  title =        "{Type Classes with Functional Dependencies}",
  year =      2000,
  booktitle = "9th " # ESOP,
  series =    {LNCS 1782},
  pages =     {230--244},
}


@inproceedings{JJ97,
   author =    {Jansson, P. and Jeuring, J.},
   title =     "{PolyP -- A Polytypic Programming Language Extension}",
   year =      1997,
   booktitle = "24th " # POPL,
   pages =     {470--482},
   keywords =  {Polytypism,fold},
}

@phdThesis{JeuPhD,
   author =   {Jeuring, J.~T.},
   title =    "{Theories for Algorithm Calculation}",
   school =   {University of Utrecht},
   year =     1993,
   keywords = {fold,laws,boom hierarchy},
}

@inproceedings{Kae92,
   author =    {Kaes, S.},
   title =     "{Type Inference in the Presence of Overloading, Subtyping and 
                Recursive Types}",
   year =      1992,
   booktitle = LFP,
   pages =     {193--204},
   keywords =  {Kind/Type Class,Subtype/Inheritance,Type Systems,Unification},
}

@inproceedings{Kah99,
   author =    {Kahl, W.},
   title =     "{The Term Graph Programming System HOPS}",
   year =      1999,
   booktitle = "Tool Support for System Specification, Development, and Verification",
   pages =     {136--149},
   keywords =  {Graph,Type System},
}

@inproceedings{Ken94,
   author =    {Kennedy, A.},
   title =     "{Dimension Types}",
   year =      1994,
   booktitle = "5th " # ESOP,
   series =    {LNCS 788},
   pages =     {348--362},
   keywords =  {FP,units,dimension types},
}

@inproceedings{Ken97,
   author =    {Kennedy, A.},
   title =     "{Relational Parametricity and Units of Measure}",
   booktitle = "24th " # POPL,
   year =      1997,
   pages =     {442--455},
   keywords =  {FP,units,dimension types},
}

@phdThesis{KinPhD,
   author =   {King, D.~J.},
   title =    "{Functional Programming and Graph Algorithms}",
   school =   {University of Glasgow},
   year =     1996,
   keywords = {FP,Graph,State in FP},
}

@inproceedings{KL03,
      author = "J. Kort and R. L{\"a}mmel",
      title = "{A Framework for Datatype Transformation}",
      booktitle = "Language, Descriptions, Tools, and Applications (LDTA 2003)",
      editor = "B.R.~Bryant and J.~Saraiva",
      year = 2003,
     }

@incollection{Klo92,
   author =   {Klop, J.~W.},
   title =    "{Term Rewriting Systems}",
   chapter =  1,
   pages =    {1--117},
   editor =    {Abramsky, S. and Gabbay, D.~M. and Maibaum, T.~S.~E.},
   booktitle = "{Handbook of Logic in Computer Science, Vol.~2}",
   year =      1992,
   publisher = {Oxford University Press},
   address =   {Oxford, UK},
}


@inproceedings{KL95,
   author =    {King, D.~J. and Launchbury, J.},
   title =     "{Structuring Depth-First Search Algorithms in Haskell}",
   booktitle = "22nd " # POPL,
   year =      1995,
   pages =     {344--354},
   keywords =  {FP,Graph,State in FP},
}

@inproceedings{KLS04,
   author =    {Kiselyov, O. and L{\"{a}}mmel, R. and Schupke, K..},
   title =     "{Strongly Typed Heterogeneous Collections}",
   booktitle = "Haskell Workshop",
   year =      2004,
}

@article{Kni89,
    author    = "{K. Knight}",
    title     = "{Unification: A Multidsiciplinary Survey}",
    journal   = "ACM Computing Surveys",
    volume    = 21, 
    numbner   = 1, 
    pages     = "93--124",
    year      = "1989"
}

@inproceedings{KOT98,
   author =    {Kaplan, H. and Okasaki, C. and Tarjan, R.~E.},
   title =     "{Simple Confluently Persistent Catenable Lists}",
   booktitle = SWAT,
   year =      1998,
   series =    {LNCS 1432},
   pages =     {119--130},
}

@inproceedings{Kos94,
   author =    {Kosajaru, S.~R.},
   title =     "{An Optimal RAM Implementation of Catenable 
                 Min Double-Ended Queues}",
   booktitle = "5th " # SODA,
   year =      1994,
   pages =     {195--203},
}

@inproceedings{KS93,
   author =    {Klarlund, N. and Schwartzbach, M.~I.},
   title =     "{Graph Types}",
   booktitle = "20th " # POPL,
   year =      1993,
   pages =     {196--205},
   keywords =  {Graph},
}

@inproceedings{KT95,
   author =    {Kaplan, H. and Tarjan, R.~E.},
   title =     "{Persistent Lists with Catenation via Recursive Slow-Down}",
   booktitle = "27th " # STOC,
   year =      1995,
   pages =     {93--102},
}

@inproceedings{KT96,
   author =    {Kaplan, H. and Tarjan, R.~E.},
   title =     "{Purely Functional Representations of Catenable Sorted Lists}",
   booktitle = "28th " # STOC,
   year =      1996,
   pages =     {202--211},
}

@inproceedings{KW91,
   author =    {Kashiwagi, Y. and Wise, D.},
   title =     "{Graph Algorithms in a Lazy Functional Programming Language}",
   booktitle = "{4th Int.~Symp.~on Lucid and Intensional Programing}",
   year =      1991,
   pages =     {35--46},
   keywords =  {FP,Graph,State in FP},
}

@inproceedings{Lae99pepm,
    author = {L{\"a}mmel, R.},
    title = "{Declarative Aspect-Oriented Programming}",
    booktitle = "{ACM SIGPLAN Workshop on Partial
               Evaluation and Semantics-Based Program Manipulation}",
    year = 1999,
    pages = "131--146", }

@inproceedings{Lae00,
   author = "L{\"{a}}mmel, R.",
   title = "{Reuse by Program Transformation}",
   editor = "Michaelson, G. and Trinder, P.",
   booktitle = "{Functional Programming Trends 1999}",
   publisher = "Intellect",
   year = "2000", }

@inproceedings{Laf90,
   author =    {Lafont, Y.},
   title =     "{Interaction Nets}",
   year =      1990,
   booktitle = "17th " # POPL,
   pages =     {95--108},
   keywords =  {lambda calculus,graph},
}

@inproceedings{Lam90,
   author =    {Lamping, J.},
   title =     "{An Algorithm for Optimal Lambda Calculus Reduction}",
   year =      1990,
   booktitle = "17th " # POPL,
   pages =     {16--30},
   keywords =  {lambda calculus,graph},
}

@article{Lan64,
   author =  {Landin,P.~J.},
   title =   "{The Mechanical Evaluation of Expressions}",
   year =    1964,
   journal = "{The Computer Journal}",
   volume =  6,
   pages =   {308--320},
}

@inproceedings{Lau95,
   author =    {Launchbury, J.},
   title =     "{Graph Algorithms with a Functional Flavour}",
   year =      1995,
   booktitle = AFP,
   series =    {LNCS 925},
   pages =     {308--331},
}

@inproceedings{Lau93,
   author =    {Launchbury, J.},
   title =     "{Lazy Imperative Programming}",
   year =      1993,
   booktitle = "{ACM SIGPLAN Workshop on State in Programming Languages}",
   pages =     {46--56},
   keywords =  {FP,state monad,State in FP},
}

@article{LP95,
   author =  {Launchbury, J. and {Peyton Jones}, S.~L.},
   title =   "{State in Haskell}",
   journal = "{Lisp and Symbolic Computation}",
   year =    1995,
   volume =  8,
   pages =   {293--341},
   keywords =  {FP,state monad,State in FP},
}

@inproceedings{LE10,
 author = {Launchbury, John and Elliott, Trevor},
 title = "{Concurrent Orchestration in Haskell}",
 booktitle = "{3rd ACM Symposium on Haskell}",
 year = {2010},
 pages = {79--90},
 keywords = {concurrency, dsl, haskell, monad, orc},
} 

@inproceedings{LP03,
   author =   "R. L{\"a}mmel and S. {Peyton Jones}",
   title =    "{Scrap Your Boilerplate: A Practical Design Pattern for
               Generic Programming}",
   year =      2003,
   booktitle = "ACM SIGPLAN Workshop on Types in Language Design and
                Implementation",
   pages =     {26--37},
}

@inproceedings{LP04,
   author =   "R. L{\"a}mmel and S. {Peyton Jones}",
   title =    "{Scrap More Boilerplate: Reflection, Zips, and Generalised Casts}",
   year =      2004,
   booktitle = ICFP,
   pages =     {244--255},
}

@inproceedings{LS95,
   author =    {Launchbury, J. and Sheard, T.},
   title =     "{Warm Fusion: Deriving Build-Catas from Recursive Definitions}",
   year =      1995,
   booktitle = FPCA,
   pages =     {314--323},
   keywords =  {FP,fold},
}

@article{LS81,
   author =  {Lehmann, D.~J. and Smyth, M.~B.},
   title =   "{Algebraic Specification of Data Types: A Synthetic Approach}",
   journal = "{Mathematical Systems Theory}",
   volume =  14,
   pages =   {97--139},
   year =    1991
}

@inproceedings{Lei99dsec,
    author = "Leijen, D. and Meijer, E.",
    title = "{Domain Specific Embedded Compilers}",
    booktitle = "Domain-Specific Languages",
    pages = "109--122",
    year = "1999",
    url = "citeseer.nj.nec.com/leijen99domain.html", 
}

@article{LEDAcacm,
   author =  {Mehlhorn, K. and N{\"{a}}her, S.},
   title =   "{LEDA: A Platform for Combinatorial and Geometric Computing}",
   journal = CACM,
   volume =  38,
   pages =   {69--102},
   year =    1995
}

@TechReport{LEDAmanual,
  author =       "N{\"{a}}her, S. and Uhrig, C.",
  title =        "{The LEDA User Manual, Version R 3.4}",
   type =        {Report},
  institution =  "Max Planck Institute",
  year =         "1996",
  address =      "Saarbr{\"u}cken, Germany"
}

@inproceedings{LG88,
   author =    {Lucassen, J.~M. and Gifford, D.~K.},
   title =     "{Polymorphic Effect Systems}",
   booktitle = "15th " # POPL,
   year =      1988,
   pages =     {47--57},
   keywords =  {State in FP},
}

@inproceedings{LHJ95,
    author = "S. Liang and P. Hudak and M. Jones",
    title = "{Monad Transformers and Modular Interpreters}",
    booktitle = "22nd " # POPL,
    pages = "333--343",
    year = "1995",
    url = "citeseer.nj.nec.com/liang95monad.html" }

@inproceedings{LSL00,
    author = "J.~R. Lewis and M. Shields and J. Launchbury and E. Meijer",
    title = "{Implicit Parameters: Dynamic Scoping with Static Types}",
    booktitle = "27th " # POPL,
    pages = "108--118",
    year = "2000",
    url = "citeseer.nj.nec.com/lewis00implicit.html" }

@inproceedings{LMW96,
   author =    {Libkin, L. and Machlin, R. and Wong, L.},
   title =     "{A Query Language for Multidimensional Arrays:
                 Design, Implementation, and Optimization Techniques}",
   booktitle = SIGMOD,
   year =      1996,
   pages =     {228--239},
   keywords =  {Collection,Monoid,Comprehension,fold,Array},
}

@inproceedings{LRT03,
    author = "Li, H. and Reinke, C. and Thompson, S.~J.",
    title = "{Tool Support for Refactoring Functional Programs}",
    YEAR      = "2003",
    BOOKTITLE = "{ACM SIGPLAN Haskell Workshop}",
}

@inproceedings{LV02,
    author = "L{\"a}mmel, R. and Visser, J.",
    title = "{Typed Combinators for Generic Traversal}",
    booktitle = "4th " # PADL,
    pages = "137--154",
    series = {LNCS 2257},
    year = 2002,
    keywords =  {fold, Term Rewriting, meta-programming},
}

@inproceedings{LV03,
    author = "L{\"a}mmel, R. and Visser, J.",
    title = "{A Strafunski Application Letter}",
    booktitle = "5th " # PADL,
    pages = "357--375",
    series = {LNCS 2562},
    year = 2003,
    keywords =  {fold, Term Rewriting, meta-programming},
}

@inproceedings{LW91,
   author =    {Leszczylowski, J. and Wirsing, M.},
   title =     "{Polymorphism, Parameterization and Typing: An Algebraic 
                Specification Perspective}",
   year =      1991,
   booktitle = STACS,
   series =    {LNCS 480},
   pages =     {1--15},
   keywords =  {Algebra,Kind/Type Class},
}

@book{Mac71,
   author =    {Mac Lane, S.},
   title =     "{Categories for the Working Mathematician}",
   year =      1971,
   publisher = "Springer-Verlag",
}

@inproceedings{Mac84,
   author =    {MacQueen, D.~B.},
   title =     "{Modules for Standard ML}",
   booktitle = LFP,
   year =      1984,
   pages =     {198--204},
}

@inproceedings{Mac86,
   author =    {MacQueen, D.~B.},
   title =     "{Using Dependent Types to Express Modular Structure}",
   booktitle = "13th " # POPL,
   year =      1986,
   pages =     {277--286},
}

@inproceedings{Mal89,
   author =    {Malcolm, G.},
   title =     "{Homomorphisms and Promotability}",
   booktitle = MPC,
   year =      1989,
   series =    {LNCS 375},
   pages =     {335--347},
   keywords =  {FP,fold},
}

@inproceedings{Mar79,
   author =    {Martin-L\"{o}f, P.},
   title =     "{Constructive Mathematics and Computer Programming}",
   pages =     {153-175},
   booktitle = "6th Int.\ Congress for Logic, Methodology and 
                Philosophy of Science",
   year =      1979,
}

@book{MA86,
   author =    {Manes, E.~G. and Arbib, M.~A.},
   title =     "{Algebraic Approaches to Program Semantics}",
   year =      1986,
   publisher = "Springer-Verlag",
}

@phdthesis{McC79,
   author =   {{Mc Cracken}, N.},
   title =    "{An Investigation of a Programming Language with a Polymorphic 
               Type Structure}",
   type =     {Ph.D.~Thesis},
   year =     1979,
   school =   {Syracuse University},
   keywords = {Kind/Type Class},
}

@inproceedings{McA98,
title     = "{On the Unification of Substitutions in Type Inference}",
author    = "B.~J. McAdam",
booktitle = IFL,
series    = "LNCS 1595",
year      = "1998",
pages     = "139--154"
}

@techreport{McA99,
   author =      {B.~J. McAdam},
   year =        1999,
   title =       "{Graphs for Recording Type Information}",
   type =        {Technical Report},
   number =      {ECS-LFCS-99-415},
   institution = {University of Edinburgh},
}

@article{McB02,
   author =  {McBride, C.},
   title =   "{Faking It -- Simulating Dependent Types in Haskell}",
   journal = JFP,
   volume =  12,
   year =    2002,
   pages =   {375--392},
}

@inProceedings{Mee86,
   author =    {Meertens, L.},
   title =     "{Algorithmics -- Towards Programming as a Mathematical Activity}",
   booktitle = "{CWI Symp.\ on Mathematics and Computer Science}",
   year =      1986,
   pages =     {289--334},
}

@article{Mee92,
   author =  {Meertens, L.},
   title =   "{Paramorphisms}",
   journal = "{Formal Aspects of Computing}",
   volume =  4,
   pages =   {413--424},
   year =    1992,
}

@inproceedings{Meu97,
    author = {Meuter, W.~D.},
    title = "{Monads as a Theoretical Foundation for AOP}",
    booktitle = "ECOOP Workshop on Aspect-Oriented Programming",
    year = "1997" }

@inproceedings{MFP91,
   author =    {Meijer, E. and Fokkinga, M. and Paterson, R.},
   title =     "{Functional Programming with Bananas, Lenses, Envelopes and Barbed 
                Wire}",
   year =      1991,
   booktitle = FPCA,
   pages =     {124--144},
   keywords =  {FP,fold},
}

@inproceedings{MH95,
   author =    {Meijer, E. and Hutton, G.},
   title =     "{Bananas in Space: Extending Fold and Unfold to Exponential Types}",
   booktitle = FPCA,
   year =      1995,
   pages =     {324--333},
   keywords =  {FP,fold},
}

@article{Mil78,
   author =  {Milner, R.},
   title =   "{A Theory of Type Polymorphism in Programming}",
   journal = JCSS,
   volume =  17,
   year =    1978,
   pages =   {248--375},
}

@inproceedings{Mil00,
   author =    {Miller, D.},
   title =     "{Abstract Syntax for Variable Binders: An Overview}",
   booktitle = "{Computational Logic}",
   pages =     {239--253},
   series =    {LNAI 1861},
   year =      2000,
   keywords =  {HOAS},
}

@book{Mil98,
   author =    {Miller, D.},
   title =     "{$\lambda$Prolog: An Introduction to the 
                Language and its Logic (Draft)}",
   year =      1998,
   keywords =  {HOAS},
}


@inproceedings{MiniML,
   author =    {Cl{\'e}ment, D. and Despeyroux, J. and Kahn, G.},
   title =     "{A Simple Applicative Language: Mini-ML}",
   year =      1986,
   booktitle = LFP,
   pages =     {13--27},
   keywords =  {FP,ML,Type Systems},
}

@incollection{Mit90handbook,
   author =   {Mitchell, J.~C.},
   title =    "{Type Systems for Programming Languages}",
   crossref = {TCS:handbookB},
   pages =    {367--458},
   keywords = {FP,Type Systems},
}

@book{Mit96,
   author =    {Mitchell, J.~C.},
   year =      1998,
   title =     "{Foundations for Programming Languages}",
   publisher = MIT,
   address =   MIT:USA,
   keywords =  {FP,ML,Type Systems},
}

@book{Mit03,
   author =    {Mitchell, J.~C.},
   year =      2003,
   title =     "{Concepts in Programming Languages}",
   publisher = CUP,
   address =   CUP:UK,
   keywords =  {FP,ML,Type Systems},
}


@inproceedings{MN94,
   author =    {Magnusson, L. and Nordstr\"{o}m, B.},
   title =     "{The ALF Proof Editor and its Proof Engine}",
   pages =     {213-237},
   booktitle = "{Types for Proofs and Programs}",
   year =      1994,
   series =    {LNCS 806},
}

@inproceedings{Moh96,
   author =    {Mohnen, M.},
   title =     "{Context Patterns in Haskell}",
   year =      1996,
   booktitle = "8th " # IFL,
   series =    {LNCS 1268},
   pages =     {307--319},
   keywords =  {Pattern Matching},
}

@inproceedings{Moh97,
   author =    {Mohnen, M.},
   title =     "{Context Patterns, Part II}",
   year =      1997,
   booktitle = "9th " # IFL,
   series =    {LNCS 1467},
   pages =     {338--357},
   keywords =  {Pattern Matching},
}

@book{MTH90,
   author =    {Milner, R. and Tofte, M. and Harper, R.},
   year =      1990,
   title =     "{The Definition of Standard ML}",
   publisher = MIT,
   address =   MIT:USA,
   isbn =      {0-262-13255-9},
   keywords =  {FP,ML},
}

@book{MTH97,
   author =    {Milner, R. and Tofte, M. and Harper, R. and MacQueen, D.},
   year =      1997,
   title =     "{The Definition of Standard ML (Revised)}",
   publisher = MIT,
   address =   MIT:USA,
   isbn =      {0-262-63181-4},
   keywords =  {FP,ML},
}

@book{MT91,
   author =    {Milner, R. and Tofte, M.},
   year =      1991,
   title =     "{Commentary on Standard ML}",
   publisher = MIT,
   address =   MIT:USA,
   isbn =      {0-262-13271-0},
   keywords =  {FP,ML},
}

@inproceedings{Mog89,
   author =    {Moggi, E.},
   title =     "{Computational Lambda-Calculus and Monads}",
   year =      1989,
   booktitle = LICS,
   pages =     {14--23},
}  remarks =      "An extended version appeared as ``Notions of
                 computation and monads,'' {\em Information and
                 Computation}, 93(1):55--92, July 1991.",

@article{Mog91,
  author =  "E. Moggi",
  title =   "{Notions of Computation and Monads}",
  year =    "1991",
  number =  "1",
  volume =  "93",
  journal = "Information and Computation",
}

@inproceedings{Mye83,
   author =    {Myers, E.~W.},
   title =     "{Efficient Applicative Data Types}",
   year =      1983,
   booktitle = "11th " # POPL,
   pages =     {66--75},
}

@inproceedings{Myc80,
   author =    {Mycroft, A.},
   title =     "{The Theory and Practice of Transforming Call-by-need 
                into Call-by-value}",
   year =      1980,
   booktitle = "{Int.\ Symp.\ on Programming}",
   series =    {LNCS 83},
   pages =     {269--281},
}

@phdThesis{Myc81,
   author =  {Mycroft, A.},
   title =   "{Abstract Interpretation and Optimising Transformations for
               Applicative Programs}",
   school = {Department of Computer Sceince, University of Edinburgh},
   year =   1981,
}

@phdThesis{NelPhD,
   author = {Nelson, N.},
   title = "{Type Inference and Reconstruction for First Order Dependent Types}",
   school = {Oregon Graduate Institute},
   year = 1995,
}

@inproceedings{NP93,
   author =    {Nipkow, T. and Prehofer, C.},
   title =     "{Type Checking Type Classes}",
   year =      1993,
   booktitle = "20th " # POPL,
   pages =     {409--418},
   keywords =  {Kind/Type Class,Type Systems,Unification},
}

@book{NPS90,
   author =  {Nordstrom, B. and Petersson, K. and Smith, J.~M.},
   title =   "{Programming in Martin-L\"{o}f's Type Theory: An Introduction}",
   publisher = "Oxford University Press",
   address   = "Oxford, UK",
   year      = 1990,
}
 
@inproceedings{NS91,
   author =    {Nipkow, T. and Snelting, G.},
   title =     "{Type Classes and Overloading Resolution via Order-Sorted 
                Unification}",
   year =      1991,
   booktitle = FPCA,
   series =    {LNCS 523},
   pages =     {1--14},
   keywords =  {Algebra,Kind/Type Class,Type Systems,Unification},
}

@inproceedings{Ode91,
   author =    {Odersky, M.},
   title =     "{How to Make Destructive Updates Less Destructive}",
   year =      1991,
   booktitle = "18th " # POPL,
   pages =     {25--35},
   keywords =  {State in FP},
}

@inproceedings{OB88,
   author =    {Ohori, A. and Buneman, P.},
   title =     "{Type Inference in a Database Programming Language}",
   year =      1988,
   booktitle = LFP,
   pages =     {174--183},
   keywords =  {Subtype/Inheritance,Type Systems,Unification},
}

@inproceedings{OBB89,
   author =    {Ohori, A. and Buneman, P. and {Breazu-Tannen}, V.},
   title =     "{Database Programming in Machiavelli -- A Polymorphic Language 
                with Static Type Checking}",
   year =      1989,
   booktitle = SIGMOD,
   pages =     {46--57},
   keywords =  {Data Model,Query Language,Subtype/Inheritance,Type Systems},
}

@article{Oka95jfp,
   author =  {Okasaki, C.},
   title =   "{Simple and Efficient Purely Functional Queues and Deques}",
   journal = JFP,
   year =    1995,
   volume =  5,
   number =  4,
   pages =   {583--592},
}

@inproceedings{Oka95focs,
   author =    {Okasaki, C.},
   title =     "{Amortization, Lazy Evaluation, and Persistence:
                 Lists with Catenation via Lazy Linking}",
   year =      1995,
   booktitle = "36th " # FOCS,
   pages =     {646--654},
}

@inproceedings{Oka95fpca,
   author =    {Okasaki, C.},
   title =     "{Purely Functional Random Access Lists}",
   year =      1995,
   booktitle = FPCA,
   pages =     {86--95},
}

@inproceedings{Oka96icfp,
   author =    {Okasaki, C.},
   title =     "{The Role of Lazy Evaluation in Amortized Data Structures}",
   year =      1996,
   booktitle = "1st " # ICFP,
   pages =     {62--72},
   keywords =  {Persistent DS,Functional DS},
}

@inproceedings{Oka96FPSchool,
   author =    {Okasaki, C.},
   title =     "{Functional Data Structures}",
   year =      1996,
   booktitle = AFP,
   series =    {LNCS 1129},
   pages =     {131--158},
   keywords =  {Persistent DS,Functional DS},
}

@inproceedings{Oka97icfp,
   author =    {Okasaki, C.},
   title =     "{Catenable Double-Ended Queues}",
   year =      1997,
   booktitle = "2nd " # ICFP,
   pages =     {66--74},
   keywords =  {Persistent DS,Functional DS},
}

@inproceedings{Oka98ml,
   author =    {Okasaki, C.},
   title =     "{Views for Standard ML}",
   year =      1998,
   booktitle = "{ACM Workshop on ML and its Applications}",
   pages =     {14--23},
   keywords =  {Pattern Matching},
}

@book{Oka98,
   author =    {Okasaki, C.},
   title =     "{Purely Functional Data Structures}",
   year =      1998,
   publisher = CUP,
   address =   "{Cambridge, UK}",
   keywords =  {Persistent DS,Functional DS,Amortization,ML,Haskell},
}

@inproceedings{Oka00,
   author =    {Okasaki, C.},
   title =     "{Breadth-First Numbering: Lessons from a Small Exercies
                 in Algorithm Design}",
   year =      2000,
   booktitle = "5th " # ICFP,
   pages =     {131--136},
}

@inproceedings{Oka02,
   author    = {Okasaki, C.},
   title     = {{Techniques for Embedding Postfix Languages in Haskell}},
   year      = 2002,
   booktitle = {{ACM SIGPLAN Workshop on Haskell}},
   pages     = {105--113},
} 

@article{ONB97,
   author =  {O'Neill, M.~E. and Burton, F.~W.},
   year =    1997,
   title =   "{A New Method for Functional Arrays}",
   journal = JFP,
   volume =  7,
   number =  5,
   pages =   {487--513},
   keywords =  {Persistent DS,Functional DS,Array}
}

@inproceedings{OW97,
   author =    {Odersky, M. and Wadler, P.},
   title =     "{Pizza into Java: Translating Theory into Practice}",
   year =      1997,
   booktitle = "24th " # POPL,
   pages =     {146--159},
}

@inproceedings{PPN96,
   author =    {{Palao Gostanza}, P. and Pe{\~n}a, R. and N{\'u}{\~n}ez, M.},
   title =     "{A New Look at Pattern Matching in Abstract Data Types}",
   booktitle = "1st " # ICFP,
   year =      1996,
   pages =     {110--121},
   keywords =  {Pattern Matching},
}

@inproceedings{Par89,
   author =    {Parker, D.~S.},
   title =     "{Partial Order Programming}",
   year =      1989,
   booktitle = "16th " # POPL,
   pages =     {260--266},
   keywords =  {Array,State in FP},
}

@book{Par90,
   author =    {Partsch, H.~A.},
   title =     "{Specification and Transformation of Programs -- 
                 A Formal Approach to Software Development}",
   year =      1990,
   publisher = "{Springer-Verlag}",
   address =   "{Berlin Heidelberg}",
}

@book{Pau96,
   author =    {Paulson, L.~C.},
   title =     "{ML for the Working Programmer (2nd ed.)}",
   year =      1996,
   publisher = CUP,
   address =   CUP:US,
   keywords =  {FP,ML},
}

@incollection{Pey01,
    author = {Peyton Jones, S.},
    title = "{Tackling the Awkward Squad: Monadic Input/Output, Concurrency, 
              Exceptions, and Foreign-Language Calls in Haskell}",
    booktitle = "Engineering Theories of Software Construction",
    editor = {T. Hoare and M. Broy and R. Steinbr\"{u}ggen},
    publisher = {IOS Press},
    pages = "47--96",
    year = 2001, }

@inproceedings{PBB03,
   author =    {{Peyton Jones}, S.~L. and Blackwell, A. and Burnett, M.~M.},
   title =     "{A User-Centered Approach to Functions in Excel}",
   year =      2003,
   booktitle = ICFP,
   pages =     {165--176},
}

@inproceedings{Pey99pldi,
   author =    {{Peyton Jones}, S.~L. and Reid, A. and Hoare, T. and
                Marlow, S. and Henderson, F.},
   title =     "{A Semantics for Imprecise Exceptions}",
   booktitle = PLDI,
   pages =     {25--36},
   year =      1999,
   keywords =  {FP,exceptions}, }

@inproceedings{PVWW06,
 author = {Peyton Jones, S. and Vytiniotis, D. and Weirich, S. and Washburn, G.},
 title = "{Simple Unification-Based Type Inference for {GADTs}}",
 booktitle = "11th " # ICFP,
 year = {2006},
 pages = {50--61},
 numpages = {12},
 keywords = {generalized algebraic data types, type inference},
} 

@book{Pearce97,
   author =    {Pearce, J.},
   title =     "{Programming and Meta-Programming Scheme}",
   year =      1997,
   publisher = "{Springer-Verlag}",
   address =   "{New York, Berlin, Heidelberg}",
}

@inproceedings{PE88,
   author =    {Pfenning, F. and Elliott, C.},
   title =     "{Higher-Order Abstract Syntax}",
   booktitle = PLDI,
   pages =     {199--208},
   year =      1988,
   keywords =  {HOAS},
}

@inproceedings{Pfe89,
   author =    {Pfenning, F.},
   title =     "{ELF: A Language for Logic Definition and Verified Metaprogramming}",
   booktitle = "4th " # LICS,
   pages =     {313--323},
   year =      1994,
}

@inproceedings{Pfe94,
   author =    {Pfenning, F.},
   title =     "{ELF: A Meta-Language for Deductive Systems}",
   booktitle = "12th Int.\ Conf.\ on Automated Deduction",
   series =    {LNAI 814},
   pages =     {811--815},
   year =      1994,
}

@incollection{Pfe01,
   author =   {Pfenning, F.},
   title =    "{Logical Frameworks}",
   chapter =  21,
   editor =    {Robinson, A. and Voronkov, A.},
   booktitle = "{Handbook of Automated Reasoning}",
   publisher = {Elsevier Science Publishers},
   address =   {Amsterdam, NL},
   year =      2001,
}

@book{PL92,
   author =    {{Peyton Jones}, S.~L. and Lester, D.~R.},
   title =     "{Implementing Functional Languages: A Tutorial}",
   year =      1992,
   publisher = PH,
   address =   PH:USA,
   keywords =  {FP},
}

@book{Pie91,
   author =    {Pierce, B.~C.},
   title =     "{Basic Category Theory for Computer Scientists}",
   year =      1991,
   publisher = MIT,
   address =   MIT:USA,
}

@techreport{Pie91tr,
  author = {Pierce, Benjamin C.},
  title = {{Programming with Intersection Types, Union Types, and Polymorphism}},
  year = 1991,
  type = {Report},
  institution = {Carnegie Mellon University},
  number = {CMU-CS-91-106}
}

@book{Pie02,
   author =    {Pierce, B.~C.},
   title =     "{Types and Programming Languages}",
   year =      2002,
   publisher = MIT,
   address =   MIT:USA,
}

@article{Pie97,
   author =  {Pierce, B.~C.},
   title =   "{Intersection Types and Bounded Polymorphism}",
   journal = "{Mathematical Structures in Computer Science}",
   year =    1997,
   volume =  7,
   number =  2,
   pages =   {129--193},
}


@inproceedings{PG00,
   author =    {Pitts, A.~M. and Gabbay, M.},
   title =     "{A Metalanguage for Programming with Bound Names Modulo Renaming}",
   year =      2000,
   booktitle = "5th " # MPC,
   series =    {LNCS 1837},
   pages =     {230--255},
   keywords =  {Binding,HOAS,FP},
}

@inproceedings{PHE99,
  author    = {J. Peterson and
               P. Hudak and
               C. Elliott},
  title     = "{Lambda in Motion: Controlling Robots with Haskell}",
  booktitle = PADL,
  year      = {1999},
  pages     = {91--105},
}

@article{Plo75,
  author  = "Plotkin, G.~D.",
  title   = "{Call-by-Name, Call-by-Value and the $\lambda$-Calculus}",
  journal = "Theoretical Computer Science",
  volume  = 1,
  year    = 1975,
  pages   = {125--159},
}

@techreport{Plo81,
  title       = "{A Structural Approach to Operational Semantics}",
  author      = "Plotkin, G.~D.",
  year        = 1981,
  institution = "Computer Science Department, Aarhus University Denmark",
}

@inproceedings{Por88,
    author    = "G.~S. Port",
    title     = "{A Simple Approach to Finding the Cause of Non-Unifiability}",
    booktitle = "5th Int.\ Conf.\ and Symp.\ on Logic Programming",
    pages     = "651--665",
    year      = "1988"
}

@article{PS96,
   author =  {Poulovassilis, A. and Small, C.},
   title =   "{Algebraic Query Optimisation for Database Programming Languages}",
   journal = "{The VLDB Journal}",
   year =    1996,
   volume =  5,
   number =  2,
   pages =   {119--132},
}

@incollection{PW87,
   author =   {{Peyton Jones}, S.~L. and Wadler, P.},
   title =    "{Efficient Compilation of Pattern Matching}",
   crossref = {Pey87},
     editor =    {{Peyton Jones}, S.~L.},
     booktitle = "{The Implementation of Functional Programming Languages}",
     year =      1987,
     publisher = PH,
   pages =    {51--77},
   keywords = {FP,Pattern Matching},
}

@inproceedings{PW93,
   author =  {{Peyton Jones}, S.~L. and Wadler, P.},
   title =   "{Imperative Functional Programming}",
   booktitle = "20th " # POPL,
   pages =     {71--84},
   year =    1993,
   keywords =  {FP,state monad,State in FP},
}

@techReport{PWO95,
   author =      {Palsberg, J. and Wand, M. and {O'Keefe}, P.},
   title =       "{Type Inference with Non-Strictural Subtyping}",
   year =        1995,
   type =        {Report},
   number =      {BRICS RS-95-33},
   institution = {BRICS, Department of Computer Science, University of Aarhus},
}

@inproceedings{Que90,
   author =    {Queinnec, C.},
   title =     "{Compilation of Non-Linear, Second Order Patterns on 
                 S-Expressions}",
   year =      1990,
   booktitle = "{2nd Int.~Symp.~on Programming Language Implementation 
                 and Logic Programming}",
   series =    {LNCS 456},
   pages =     {340--357},
   keywords =  {FP,Pattern Matching},
}

@book{Rea89,
   author =    {Reade, C.},
   title =     "{Elements of Functional Programming}",
   year =      1989,
   publisher = AW,
   address =   AW:Woki,
   isbn =      {0-201-12915-9},
   keywords =  {FP,ML},
}

@inproceedings{Rep01,
   author =  {J. Reppy},
   title  =  "{Local CPS Conversion in a Direct-Style Compiler}",
   year   = 2001,
   booktitle = "{3rd ACM Workshop on Continuations}",
}

@book{RBL91,
   author =    {Rumbaugh, J. and Blaha, C. and Lorensen, W. and 
                Eddy, F. and Premerlani, W.},
   title =     "{Object-Oriented Modeling and Design}",
   year =      1991,
   publisher = PH,
   address =   PH:USA,
}

@book{RJB98,
   author =    {Rumbaugh, J. and Jacobson, I. and Booch, G.},
   title =     "{The Unified Modeling Language Reference Manual}",
   year =      1998,
   publisher = AW,
   address =   AW:Read,
}

@book{RL99,
   author =    {Rabhi, F. and Lapalme, G.},
   title =     "{Algorithms: A Functional Programming Approach}",
   year =      1999,
   publisher = AW,
   address =   AW:Harl,
   isbn =      {0-201-59604-0},
   keywords =  {FP,Haskell,DS},
}

@article{Rep91,
  author =  {Reps, T.},
  title =   "{Algebraic Properties of Program Integration}",
  journal = SCP,
  volume =  "17",
  pages =   "139--215",
  year =    "1991",
}

@inproceedings{Rey74,
   author =    {Reynolds, J.~C.},
   title =     "{Towards a Theory of Type Structure}",
   year =      1974,
   booktitle = "{Colloque sur la Programmation}",
   series =    {LNCS 19},
   pages =     {408--425}, }

@inproceedings{Rey83,
   author =    {Reynolds, J.~C.},
   title =     "{Types, Abstraction, and Parametric Polymorphism}",
   year =      1983,
   publisher = "North-Holland",
   booktitle = "{Information Processing '83}",
   editor    = "R.~E.~A. Mason",
   pages =     {513--523},}

@article{RTD83,
  author =  {Reps, T. and Teitelbaum, T. and Demers, A.},
  title =   "{Incremental Context-Dependent Analysis for Language-Based Editors}",
  journal = TOPLAS,
  volume =  "5",
  number =  "3",
  pages =   "449--477",
  year =    "1983",
}

@book{RT89,
   author =    {Reps, T.~W. and Teitelbaum, T.},
   title =     "{The Synthesizer Generator: A System for Constructing 
                 Language-Based Editors}",
   publisher = SP,
   year =      1989,
   address =   {New York},
}

@techreport{RT97,
   author =    {L. Rideau and L. Th\`{e}ry},
   title =     "{An Interactive Programming Environment for ML}",
   institution={INRIA},
   address =   {Sophia Antipolis},
   year =      1997,
   type =      {Rapport de Recherche},
   number =    {3139},
}

@techReport{Rut96,
   author =      {Rutten, J.~J.~M.~M.},
   title =       "{Universal Coalgebra: a Theory of Systems}",
   year =        1996,
   type =        {Report},
   number =      {CS-R9652},
   institution = {CWI, Department of Software Technology},
}

@article{Rob65,
   author =  {Robinson, J.~A.},
   title =   "{A Machine-Oriented Logic Based on the Resolution Principle}",
   journal = JACM,
   year =    1965,
   volume =  12,
   number =  1,
   pages =   {23--41},
}

@inproceedings{SCA93,
   author =    {Sastry, A.V.S. and Clinger W. and Ariola Z.},
   title =     "{Order-of-Evaluation Analysis for Destructive Updates in
                 Strict Functional Languages with Flat Aggregates}",
   year =      1993,
   booktitle = FPCA,
   series =    {},
   pages =     {},
   keywords =  {Array,State in FP},
}

@book{Schmidt86,
  author =    {Schmidt, D.~A.},
  title =     "{Denotational Semantics}",
  year =      1986,
  publisher = {Allyn and Bacon},
  address =   {Newton, MA},
}

@inproceedings{SPC08,
   author =    {Schrijvers, T. and {Peyton Jones}, S. and Chakravarty, M.},
   title =     "{Type Checking with Open Type Functions}",
   year =      2008,
   booktitle = "13th " # ICFP,
   pages =     {51--62},
}


@article{SP04,
   author =  {Sheard, T. and Pasalic, E.},
   title =   "{Two-Level Types and Parameterized Modules}",
   journal = JFP,
   volume =  14,
   number =  5,
   year =    2004,
   pages =   {547--587},
}

@inproceedings{She01,
   author =    {Sheard, T.},
   title =     "{Accomplishments and Research Challenges in Meta-Programming}",
   year =      2001,
   booktitle = "{2nd Int.\ Workshop on Semantics, Applications, and
                Implementation of Program Generation}",
   series =    {LNCS 2196},
   pages =     {2--44},
   keywords =  {FP,Type Systems},
}

@inproceedings{She93,
   author =    {Sheard, T.},
   title =     "{Increasing the Level of Abstraction in Traditional Functional 
                Languages by Using Compile-Time Reflection}",
   year =      1993,
   booktitle = "{3rd Int.~Conf.~on Algebraic Methodology and Software Technology}",
   pages =     {147--154},
   keywords =  {FP,Type Systems},
}

@misc{metaprog,
   author =   {Sheard, T.},
   title =    "{A Taxonomy of Meta-Programming Systems}",
   note = "{\small\tt http://http://www.cse.ogi.edu/\verb:~:sheard/\discretionary{}{}{}staged.html}",
}

%   note = "{\small\tt http://http://www.cse.ogi.edu/\discretionary{}{}{}\verb:~:sheard/\discretionary{}{}{}staged.html}",


@inproceedings{SF93,
   author =    {Sheard, T. and Fegaras, L.},
   title =     "{A Fold for all Seasons}",
   year =      1993,
   booktitle = FPCA,
   pages =     {233--242},
   keywords =  {FP,fold},
}

@book{Sok91,
   author =    {Sokolowski, S.},
   title =     "{Applicative High Order Programming -- The Standard ML Perspective}",
   year =      1991,
   publisher = {Chapman \& Hall Computing},
   address =   {London},
   isbn =      {0-412-39240-2},
   keywords =  {FP,ML},
}

@inproceedings{SH86,
   author =    {{Steele Jr.}, G.~L. and Hillis, D.~W.},
   title =     "{Connection Machine Lisp: Fine-Grained Parallel Symbolic 
                Processing}",
   year =      1986,
   booktitle = LFP,
   pages =     {279--297},
   keywords =  {Array,FP,State in FP},
}

@inproceedings{SP02,
   author =    {Sheard, T. and {Peyton Jones}, S.~L.},
   title =     "{Template Metaprogramming for Haskell}",
   booktitle = "{Haskell Workshop}",
   pages =     {1--16},
   year =      2002 }

@book{SPE93,
   author =    {Sleep, M.~R. and Plasmeijer, M.~J. and 
                {van Eekelen}, M.~C.~J.~D.},
   title =     "{Term Graph Rewriting -- Theory and Practice}",
   year =      1993,
   publisher = {John Wiley \& Sons},
   address =   {Chichester},
   keywords =  {FP, graph},
}

@inproceedings{SS99,
   author =    {Seres, S. and Spivey, M.},
   title =     "{Embedding Prolog in Haskell}",
   booktitle = "{Haskell Workshop}",
   year =      1999,
   note =      "{Technical Report UU-CS-1999-28, Universiteit Utrecht}",
}

@article{ST85splay,
   author =  {Sleator, D.~D. and Tarjan, R.~E.},
   title =   "{Self-Adjusting Binary Search Trees}",
   journal = JACM,
   volume =  32,
   number =  3,
   pages =   {652--686},
   year =    1985,
}

@article{ST85b,
   author =  {Sleator, D.~D. and Tarjan, R.~E.},
   title =   "{Amortized Efficiency of List Update and Paging Rules}",
   journal = CACM,
   volume =  28,
   number =  2,
   pages =   {202--208},
   year =    1985,
}

@article{ST86,
   author =  {Sarnak, N. and Tarjan, R.~E.},
   title =   "{Planar Point Location Using Persistent Search Trees}",
   journal = CACM,
   volume =  29,
   number =  7,
   pages =   {669--679},
   year =    1986,
}

@article{ST86b,
   author =  {Sarnak, N. and Tarjan, R.~E.},
   title =   "{Self-Adjusting Heaps}",
   journal = SIAMJC,
   volume =  15,
   number =  1,
   pages =   {52--69},
   year =    1986,
}

@Book{STLbook,
  author =       "David R. Musser and Atul Saini",
  title =        "{STL Tutorial and Reference Guide}",
  publisher =    "Addison-Wesley",
  address =      "Reading, MA",
  year =         "1996",
  ISBN =         "0-201-63398-1"
}

@article{Tar85,
   author =  {Tarjan, R.~E.},
   title =   "{Amortized Computational Complexity}",
   journal = "{SIAM Journal on Algebraic and Discrete Methods}",
   volume =  6,
   number =  2,
   pages =   {306--318},
   year =    1985,
}

@article{TS00,
   author =    {Taha, W. and Sheard, T.},
   title =     "{MetaML and Multi-Stage Programming with Explicit Annotations}",
   year =      2000,
   journal =   "{Theoretical Computer Science}",
   volume =    248,
   number =    {1--2},
   pages =     {211--242},
}

@techreport{TAP90,
   author =      {Tarditi, D.~R. and Acharya, A. and Lee, P.},
   title =       "{No Assembly Required: Compiling Standard ML to C}",
   year =        1990,
   type =        {Report},
   number =      {CMU-CS-90-187},
   institution = {Carnegie Mellon University},
   keywords =    {FP,ML},
}

@inproceedings{Thi00,
 author = {Peter Thiemann},
 title = "{Modeling HTML in Haskell}",
 booktitle = {Practical Aspects of Declarative Languages},
 year = {2000},
   series =    {LNCS 1753},
 pages = {263--277},
}

@inproceedings{Thi93,
   author =    {Thiemann, P.},
   title =     "{Avoiding Repeated Tests in Pattern Matching}",
   year =      1993,
   booktitle = "{3nd Int.~Workshop on Static Analysis}",
   series =    {LNCS 724},
   pages =     {141--152},
   keywords =  {FP,Pattern Matching},
}

@inproceedings{Tul00,
   author =    {Tullsen, M.},
   title =     "{First Class Patterns}",
   year =      2000,
   booktitle = "{2nd Int.~Workshop on Practical Aspects
                 of Declarative Languages}",
   series =    {LNCS 1753},
   pages =     {1--15},
   keywords =  {FP,Pattern Matching},
}

@book{Thi94,
   author =    {Thiemann, P.},
   title =     "{Grundlagen der funktionalen Programmierung}",
   year =      1994,
   publisher = {Teubner-Verlag},
   address =   {Stuttgart},
   isbn =      {3-519-02137-4},
   keywords =  {FP,ML},
}

@article{Tho90,
   author =  {Thompson, S.},
   year =    1990,
   title =   "{Lawful Functions and Program Verification in Miranda}",
   journal = SCP,
   volume =  13,
   number =  {},
   pages =   {181--218},
}

@book{Tho99,
   author =    {Thompson, S.},
   title =     "{Haskell -- The Craft of Functional Programming (2nd ed.)}",
   publisher = AW,
   year =      1999,
   address =   {Harlow, England},
}

@misc{TR02,
   author =    {S. Thompson and C. Reinke},
   title =     "{Refactoring Functional Programs}",
   year =      2002,
   note = "{\small \tt www.cs.ukc.ac.uk/\discretionary{}{}{}research/groups/\discretionary{}{}{}tcs/\discretionary{}{}{}fp/Refactor}" }

@inproceedings{TM95,
   author =    {Takano, A. and Meijer, E.},
   title =     "{Shortcut Deforestation in Calculational Form}",
   booktitle = FPCA,
   year =      1995,
   pages =     {306--313},
   keywords =  {Fold,Optimization},
}

@INPROCEEDINGS{Tri91,
  AUTHOR    = "Trinder, P.",
  TITLE     = "{Comprehensions: A Query Notation for DBPLs}",
  YEAR      = "1991",
  BOOKTITLE = "3rd " # DBPL,
  PAGES     = "55--68",
}

@article{Tur37,
   author =    {Turing, A.},
   title =     "{Computability and $\lambda$-Definability}",
   year =      1937,
   journal =   "{Journal of Symbolic Logic}",
   volume =    2,
   pages =     {153--163},
   keywords =  {FP},
}

@incollection{Tur82,
   author =   {Turner, D.~A.},
   title =    "{Recursion Equations as a Programming Language}",
   crossref = {DHT82},
     editor =    {Darlington, J. and Henderson, P. and Turner, D.~A.},
     booktitle = "{Functional Programming and its Applications}",
     year =      1982,
     publisher = CUP,
   pages =    {1--28},
   keywords = {FP,List Comprehensions},
}

@inproceedings{Tur85,
   author =    {Turner, D.~A.},
   title =     "{Miranda: A Non-strict Functional Language with Polymorphic Types}",
   year =      1985,
   booktitle = FPCA,
   series =    {LNCS 201},
   pages =     {1--16},
   keywords =  {FP},
}

@article{Tur86,
   author =    {Turchin, V.F.},
   title =     "{The concept of a Supercompiler}",
   year =      1986,
   journal =   TOPLAS,
   volume =    8,
   pages =     {292--325},
   keywords =  {FP},
}

@book{Tur90,
   editor =    {D.~A.~Turner},
   booktitle = "{Research Topics in Functional Programming}",
   year =      1990,
   publisher = AW,
   address =   AW:Read,
   isbn =      {0-201-17236-4},
}

@book{Ull98,
   author =    {Ullman, J.~D.},
   title =     "{Elements of ML Programming (2nd ed.)}",
   year =      1998,
   publisher = PH,
   address =   PH:INT,
   isbn =      {0-13-080391-X},
   keywords =  {FP,ML},
}

@inproceedings{VB98,
   author =    {Visser, E. and Benaissa, Z.},
   title =     "{A Core Language for Rewriting}",
   booktitle = "{Workshop on Rewriting Logic and Applications}",
   year =      1998,
   keywords =  {Term Rewriting},
}

@inproceedings{VBT98,
   author =    {Visser, E. and Benaissa, Z. and Tolmach, A.},
   title =     "{Building Program Optimizers with Rewriting Strategies}",
   year =      1998,
   booktitle = "3rd " # ICFP,
   pages =     {13--26},
   keywords =  {Term Rewriting,Tree Rewriting},
}

@inproceedings{Vis99rta,
    author = "Visser, E.",
    title = "{Strategic Pattern Matching}",
    booktitle = "10th " # RTA,
    pages = "30--44",
    series = {LNCS 1631},
    year = 1999,
    keywords =  {Term Rewriting},
}

@inproceedings{Vis00,
   author =    {Visser, E.},
   title =     "{Language Independent Traversals for Program Transformation}",
   booktitle = "{Workshop on Generic Programming}",
   year =      2000,
   note =      "{Technical Report UU-CS-2000-19, Universiteit Utrecht}",
   keywords =  {Term Rewriting},
}

@inproceedings{Vis01rta,
   author =    {Visser, E.},
   title =     "{Stratego: A Language for Program Transformation Based on 
                 Rewriting Strategies}",
   booktitle = "12th " # RTA,
   year =      2001,
   series =    {LNCS 2051},
   keywords =  {Term Rewriting},
}

@inproceedings{Vis01rtaShort,
   author =    {Visser, E.},
   title =     "{Stratego: A Language for Program Transformation Based on 
                 Rewriting Strategies}",
   booktitle = "12th " # RTA,
   year =      2001,
   keywords =  {Term Rewriting},
}

@misc{transf,
   author = {{Visser, {et al.}}, E.},
   title =  "{The Online Survey of Program Transformation}",
   note =   "{\small\tt http://www.program-transformation.org/\discretionary{}{}{}survey.html}",
   keywords = {},
}

@inproceedings{Wad85,
   author =    {Wadler, P.},
   title =     "{How to Replace Failure by a List of Successes}",
   year =      1985,
   booktitle = FPCA,
   series =    {LNCS 201},
   pages =     {113--128},
   keywords =  {FP, Search, Backtracking},
}

@inproceedings{Wad86,
   author =    {Wadler, P.},
   title =     "{A New Array Operation}",
   year =      1986,
   booktitle = "{Workshop on Graph Reduction}",
   series =    {LNCS 179},
   pages =     {328--335},
   keywords =  {Array,State in FP},
}

@inproceedings{Wad87,
   author =    {Wadler, P.},
   title =     "{Views: A Way for Pattern Matching to Cohabit with Data 
                Abstraction}",
   year =      1987,
   booktitle = "14th " # POPL,
   pages =     {307--313},
   keywords =  {Pattern Matching, Laws},
}

@incollection{Wad87pm,
   author =   {Wadler, P.},
   title =    "{Efficient Compilation of Pattern Matching}",
   crossref = {Pey87},
     editor =    {{Peyton Jones}, S.~L.},
     booktitle = "{The Implementation of Functional Programming Languages}",
     year =      1987,
     publisher = PH,
   pages =    {78--103},
   keywords = {FP,Pattern Matching},
}

@incollection{Wad87compr,
   author =   {Wadler, P.},
   title =    "{List Comprehensions}",
   crossref = {Pey87},
     editor =    {{Peyton Jones}, S.~L.},
     booktitle = "{The Implementation of Functional Programming Languages}",
     year =      1987,
     publisher = PH,
   pages =    {127--138},
   keywords = {FP,Comprehensions},
}

@inproceedings{Wad89,
   author =    {Wadler, P.},
   title =     "{Theorems for Free!}",
   year =      1989,
   booktitle = FPCA,
   pages =     {347--359},
   keywords =  {Parametricity, Relations on Types},
}

@article{Wad90,
   author =  {Wadler, P.},
   year =    1990,
   title =   "{Deforestation: Transforming Programs to Eliminate Trees}",
   journal = "{Theoretical Computer Science}",
   volume =  73,
   number =  {},
   pages =   {231--284},
}

@article{Wad92,
   author =   {Wadler, P.},
   title =    "{Comprehending Monads}",
   year =     1992,
   journal =  "{Mathematical Structures in Computer Science}",
   volume =   2,
   pages =    {461--493},
   keywords = {Monad,Array,State in FP},
}

@inproceedings{Wad95,
   author =   {Wadler, P.},
   title =    "{Monads for Functional Programming}",
   year =      1995,
   booktitle = AFP,
   series =    {LNCS 925},
   pages =     {24--52},
   keywords = {Monad,Array,State in FP},
}

@article{Wad97,
   author =   {Wadler, P.},
   title =    "{How to Declare an Imperative}",
   year =     1997,
   journal =  "{ACM Computing Surveys}",
   volume =   29,
   number =   3,
   pages =    {240--263},
   keywords = {Monad},
}

@incollection{Wad03,
   author =   {Wadler, P.},
   title =    "{A Prettier Printer}",
   year =     2003,
   booktitle =  "{The Fun of Programming}",
   editor = "{J.~Gibbons and O.~{de Moor}}",
   pages =    {223--244},
}


@PHDTHESIS{Wad71,
  AUTHOR = {Wadsworth, C. P.},
  TITLE = "{Semantics and Pragmatics of the Lambda Calculus}",
  YEAR = 1971,
  TYPE = {{D.Phil.} thesis},
  SCHOOL = {Oxford University},
}

@inproceedings{WR99,
   author =    {Wallace, M. and Runciman, C.},
   title =     "{Haskell and XML: Generic Combinators or Type-Based Translation?}",
   year =      1999,
   booktitle = "4th " # ICFP,
   pages =     {148--159},
   keywords =  {XML, Haskell},
}

@inproceedings{WB89,
   author =    {Wadler, P. and Blott, S.},
   title =     "{How to Make Ad Hoc Polymorphism Less Ad Hoc}",
   year =      1989,
   booktitle = "16th " # POPL,
   pages =     {60--76},
   keywords =  {Kind/Type Class,Type Systems},
}

@inproceedings{Wei97,
   author =    {Weihe, K.},
   title =     "{Reuse of Algorithms: Still a Challange to 
                 Object-Oriented Programming}",
   year =      1997,
   booktitle = "12th ACM Conf.\ on Object-Oriented Programming Systems, 
                Languages and Applications",
   pages =     {34--48},
}

@article{WF94,
    author = "Wright, A. K. and Felleisen, M.",
    title = "{A Syntactic Approach to Type Soundness}",
    journal = "Information and Computation",
    volume = "115",
    number = "1",
    pages = "38--94",
    year = "1994"
}

@inproceedings{Whi97,
   author =    {Whittle, J. and Bundy, A. and Boulton, R. and Lowe, H.},
   title =     "{An ML Editor Based on Proof-as-Programs}",
   booktitle = "9th " # PLILP,
   year =      1997,
   series =    {LNCS 1292},
   pages =     {389--405}
}

@inproceedings{Whi97Short,
   author =    {Whittle, J. and Bundy, A. and Boulton, R. and Lowe, H.},
   title =     "{An ML Editor Based on Proof-as-Programs}",
   booktitle = "9th PLILP",
   year =      1997,
   series =    {LNCS 1292},
   pages =     {389--405}
}

@inproceedings{Whi99hci,
   author =    {Whittle, J.},
   title =     "{Improving Functional Programming Environments}",
   booktitle = "{INTERACT-99, IFIP Conference on Human-Computer Interaction}",
   year =      1999,
}

@phdthesis{WhiPhD,
   author =    {Whittle, J.},
   title =     "{The Use of Proofs-as-Programs to Build an Analogy-Based 
                 Functional Program Editor}",
   school =    {Division of Informatics, University of Edinburgh},
   year =      1999,
}

@incollection{Wir90,
   author =   {Wirsing, M.},
   title =    "{Algebraic Specification}",
   chapter =  13,
   pages =    {675--788},
   editor =    {van Leeuwen, J.},
   booktitle = "{Handbook of Theoretical Computer Science, Vol.~B: Formal Methods 
                and Semantics}",
   year =      1990,
   publisher = {Elsevier Science Publishers},
   address =   {Amsterdam, NL},
}
%  year =      1990,
%  editor =    {van Leeuwen, J.},
%  booktitle =  "{Handbook of Theoretical Computer Science, Vol.~B: Formal 
%                  Methods and Semantics}",
%  publisher = {Elsevier Science Publishers},

@inproceedings{WJ86,
   author =    {Walz, J.~A. and Johnson, G.~F.},
   title =     "{A Maximum-Flow Approach to Anomaly Isolation
                 in Unification-Based Incremental Type Inferenc}",
   booktitle = POPL,
   year =      1986,
   pages =     {44--57},
}
@incollection{WO91,
    author = "Wand, M. and O'Keefe, P.",
    title = "{Automatic Dimensional Inference}",
    editor = "Lassez, J.-L. and Plotkin, G.",
    publisher = MIT,
    address =   MIT:USA,
    year = 1991,
    booktitle = "Computational Logic: Essays in Honor of Alan Robinson",
    pages = "479--483",
}

@inproceedings{XP99,
   author =    {Xi, H. and Pfenning, F.},
   title =     "{Dependent Types in Practical Programming}",
   year =      1999,
   booktitle = "26th " # POPL,
   pages =     {214--224},
}



%%
%%  Crossrefs
%%

@book{DHT82,
   editor =    {Darlington, J. and Henderson, P. and Turner, D.~A.},
   title =     "{Functional Programming and its Applications}",
   year =      1982,
   publisher = CUP,
}

@book{Pey87,
   author =    {{Peyton Jones}, S.~L.},
   title =     "{The Implementation of Functional Programming Languages}",
   year =      1987,
   publisher = PH,
   address =   PH:USA,
   isbn =      {0-13-453333-X},
   keywords =  {FP,Miranda},
}

@book{AR:handbookA,
   editor =    {Robinson, A. and Voronkov, A.},
   title =     "{Handbook of Automated Reasoning}",
   publisher = {Elsevier Science Publishers},
   address =   {Amsterdam, NL},
   year =      2001,
}

@book{dsl97,
   editor =    {Ramming, C.},
   title =     "{1st Conf.\ on Domain-Specific Languages}",
   publisher = {USENIX},
   year =      1997,
}

@book{dsl99,
   editor =    {Ball, T.},
   title =     "{2nd Conf.\ on Domain-Specific Languages}",
   publisher = {ACM Press},
   address =   {New York, NY},
   year =      1999,
}

@misc{dslOverview,
   author = {Porto-Baretto, L.},
   title =  "{Domain-Specific Languages -- An Overview}",
   note =   "{\small \tt http://http://www.irisa.fr/\discretionary{}{}{}compose/\discretionary{}{}{}dsl/\discretionary{}{}{}dsl\_overview.html}",
}


@book{LICS:handbookB,
   editor =    {Abramsky, S. and Gabbay, D.~M. and Maibaum, T.~S.~E.},
   title =     "{Handbook of Logic in Computer Science, Vol.~2}",
   year =      1992,
   publisher = {Oxford University Press},
   address =   {Oxford, UK},
}

@book{TCS:handbookB,
   editor =    {van Leeuwen, J.},
   title =     "{Handbook of Theoretical Computer Science, Vol.~B: Formal Methods 
                and Semantics}",
   year =      1990,
   publisher = {Elsevier Science Publishers},
   address =   {Amsterdam, NL},
   isbn =      {0-444-88074-7},
}

@article{EFD03jfp,
	author = {Elliott, Conal and Finne, Sigbj{\o}rn and De Moor, Oege  },
	issn = {0956-7968},
	journal = {Journal of Functional Programming},
	keywords = {compiler, dsel},
	month = {May},
	number = {3},
	pages = {455--481},
	priority = {3},
	publisher = {Cambridge University Press},
	title = {Compiling embedded languages},
	volume = {13},
	year = {2003}
}

