@string{AMAST = "{Int.\ Conf.\ on Algebraic Methodology and Software Technology}"}
@string{DBPL  = "{Int.\ Workshop on Database Programming Languages}"}
@string{DSL   = "{IFIP Working Conference on Domain-Specific Languages}"}
@string{ECOOP = "{European Conf.\ on Object-Oriented Programming}"}
@string{GPCE  = "{ACM SIGPLAN Conf.\ on Generative Programming and Component Engineering}"}
@string{GPCEx = "{ACM SIGPLAN Conf.\ on Generative Programming: Concepts \& Experiences}"}
@string{ICFP  = "{ACM Int.\ Conf.\ on Functional Programming}"}
@string{IFL   = "{Int.\ Workshop on Implementation of Functional Languages}"}
@string{JFP   = "{Journal of Functional Programming}"}
@string{JVLC  = "{Journal of Visual Languages and Computing}"}
@string{PEPM  = "{ACM SIGPLAN Workshop on Partial Evaluation and Program Manipulation}"}
@string{POPL  = "{ACM SIGPLAN-SIGACT Symp.\ on Principles of Programming Languages}"}
@string{PACMPOPL  = "{Proc.\ of the ACM on Programming Languages}"}
@string{SLE   = "{Int.\ Conf.\ on Software Language Engineering}"}
@string{TOSEM = "{ACM Trans.\ on Software Engineering and Methodology}"}
@string{TOPLAS = "{ACM Trans.\ on Programming Languages and Systems}"}
@string{TSE   = "{IEEE Trans.\ on Software Engineering}"}
@string{VAMOS = "{ACM Int.\ Workshop on Variability Modelling of Software-Intensive Systems}"}
@string{VL    = "{IEEE Int.\ Symp.\ on Visual Languages}"}
@string{VLHCC = "{IEEE Int.\ Symp.\ on Visual Languages and Human-Centric Computing}"}
@string{WG    = "{Int.\ Workshop on Graph-Theoretic Concepts in Computer Science}"}

@string{getabs="\input /export/home/erwig/Papers/Abstracts/"}

@string{WWW="{\small\tt http://\discretionary{}{}{}eecs.oregonstate.edu/\discretionary{}{}{}\verb:~:erwig/\discretionary{}{}{}papers/\discretionary{}{}{}}"}}
@string{WWWBASE="{\small\tt http://\discretionary{}{}{}eecs.oregonstate.edu/\discretionary{}{}{}\verb:~:erwig/\discretionary{}{}{}}"}}
%stopzone


%%% SUBMITTED


%%% IN PREPARATION, TECH REPORTS, ...

@INPROCEEDINGS{EW11sleAnon,
author    = "Anonymous",
TITLE     = "{Title Anonymized for Double-Blind Review}",
BOOKTITLE = {},
YEAR      = "2011",
}

@techreport{CE14tech,
  author = {Chen, S. and Erwig, M.},
  title  = {{Better Type-Error Messages Through Lazy Typing}},
  institution = {{Oregon State University}},
  type   = {{Technical Report}},
  year   = 2014,
  note   = "\url{http://web.engr.oregonstate.edu/~chensh/Docs/tr-lt.pdf}",
}


%%% TO APPEAR

%%% 2018

@inproceedings{EFMK18XAI,
  author    = {Erwig, M. and Fern, A. and Murali, M. and Koul, A.},
  title     = "{Explaining Deep Adaptive Programs via Reward Decomposition}",
  year      = 2018,
  booktitle = "{IJCAI/ECAI Workshop on Explainable Artificial Intelligence}",
  NOTE      = "To appear."
}

@inproceedings{ES18diagrams,
  author    = {Erwig, M. and Smeltzer, K.},
  title     = "{Variational Pictures}",
  year      = 2018,
  booktitle = "{Int.\ Conf.\ on the Theory and Application of Diagrams}",
  series    = "{LNAI 10871}",
  pages     = {55--70},
}

@article{CE18jfp,
  author      = "Cheng, S. and Erwig, M.",
  title       = "{Systematic Identification and Communication of Type Errors}",
  journal     = JFP,
  year        = 2018,
  VOLUME    = "28",
  NUMBER    = "e2",
  pages     = {1--48},
  numpages  = {48}
}
%
% PAGES     = "645--661",


%%% 2017

@inproceedings{SE17fosd,
  author    = {Smeltzer, K. and Erwig, M.},
  title     = "{Variational Lists: Comparisons and Design Guidelines}",
  year      = 2017,
  booktitle = "{ACM SIGPLAN Int.\ Workshop on Feature-Oriented Software Development}",
  pages     = {31--40}
}

@article{Erw17wt,
  author    = {Erwig, M.},
  title     = "{The Real Ghost in the Machine}",
  journal   = "{The World Today}",
  year      = "2017",
  volume    = "October/November",
  pages     = "36--37",
}

@book{Erw17ouaa,
author    = {Erwig, M.},
title     = "{Once Upon an Algorithm: How Stories Explain Computing}",
publisher = {MIT Press},
year      = 2017,
address   = {Cambridge, MA}
}

@article{ESW17jvlc,
  author    = {Erwig, M. and Smeltzer, K. and Wang, X.},
  title     = "{What is a Visual Language?}",
  journal   = JVLC,
  year      = "2017",
  volume    = "38",
  pages     = "9--17",
}


%%% 2016

@article{CES17jvlc,
  author    = {Chen, S. and Erwig, M. and Smeltzer, K.},
  title     = "{Exploiting Diversity in Type Checkers for Better Error Messages}",
  journal   = JVLC,
  year      = "2017",
  volume    = "39",
  pages     = "10--21",
}

%%% 2016


@inproceedings{CE16popl,
  author    = {Chen, S. and Erwig, M.},
  title     = "{Principal Type Inference for GADTs}",
  year      = 2016,
  booktitle = POPL,
  pages     = {416--428}
}

@article{CEMS16ase,
  author    = "Cunha, J. and Erwig, M. and Mendes, J. and Saraiva, J.",
  title     = "{Automatically Inferring Models from Spreadsheets}",
  journal   = "{Automated Software Engineering}",
  year      = 2016,
  volumne   = 23,
  number    = "3",
  pages     = {361--392},
}


%%% 2015



%%% 2014


@inproceedings{SEM14gpce,
  author    = "Smeltzer, K. and Erwig, M. and Metoyer, R.",
  title     = "{A Transformational Approach to Data Visualization}",
  booktitle = GPCEx,
  year      = 2014,
  pages     = {53--62},
}

@inproceedings{CE14icfp,
  author    = {Chen, S. and Erwig, M.},
  title     = "{Type-Based Parametric Analysis of Program Families}",
  year      = 2014,
  booktitle = ICFP,
  pages     = {39--51},
}

@inproceedings{CES14hcc,
  author    = "Chen, S. and Erwig, M. and Smeltzer, K.",
  title     = "{Let's Hear Both Sides: On Combining Type-Error Reporting Tools}",
  booktitle = VLHCC,
  year      = 2014,
  pages     = {145--152},
}

@inproceedings{ESX14hcc,
  author    = "Erwig, M. and Smeltzer, K. and Xu, K.",
  title     = "{A Notation for Non-Linear Program Edits}",
  booktitle = VLHCC,
  year      = 2014,
  pages     = {205--206},
}

@inproceedings{CE14flops,
  author    = {Chen, S. and Erwig, M.},
  title     = "{Guided Type Debugging}",
  year      = 2014,
  booktitle = "{Int.\ Symp.\ on Functional and Logic Programming}",
  series    = "{LNCS 8475}",
  pages     = {35--51},
}

@inproceedings{CE14popl,
  author    = {Chen, S. and Erwig, M.},
  title     = "{Counter-Factual Typing for Debugging Type Errors}",
  year      = 2014,
  booktitle = POPL,
  pages     = {583--594}
}

@inproceedings{CE14pepm,
  author    = {Chen, S. and Erwig, M.},
  title     = "{Early Detection of Type Errors in C++ Templates}",
  year      = 2014,
  booktitle = PEPM,
  pages     = {133--144}
}


%%% 2013


%%% 2012

@INPROCEEDINGS{AE12haskell,
  author    = "Allen, W. and Erwig, M.",
  title     = "{Surveyor: A DSEL for Representing and Analyzing Strongly Typed Surveys}",
  booktitle = "{ACM SIGPLAN Haskell Symposium}",
  year      = "2012",
  pages     = {81--90},
}

@INPROCEEDINGS{BEFP12gpce,
  author    = "Bauer, T. and Erwig, M. and Fern, A. and Pinto, J.",
  TITLE     = "{Faster Program Adaptation Through Reward Attribution Inference}",
  BOOKTITLE = GPCE,
  YEAR      = 2012,
  pages     = {103--111},
}

@INPROCEEDINGS{SEM12visweek,
  author    = "Smeltzer, K. and Erwig, M. and Metoyer, R.",
  TITLE     = "{Toward Composable Interactive Visualizations}",
  BOOKTITLE = "{IEEE VisWeek Poster Abstracts}",
  YEAR      = 2012,
}

@INPROCEEDINGS{Getc12issre,
  author    = "Groce, A. and Fern, A. and Pinto, J. and
               Bauer, T. and Alipour, A. and Erwig, M. and Lopez, C.",
  TITLE     = "{Lightweight Automated Testing with Adaptation-Based Programming}",
  BOOKTITLE = "{IEEE Int.\ Symp.\ on Software Reliability Engineering}",
  YEAR      = 2012,
}

@INPROCEEDINGS{Getc12isola,
  author    = "Groce, A. and Fern, A. and Erwig, M. and Pinto, J. and
               Bauer, T. and Alipour, A.",
  TITLE     = "{Learning-Based Test Programming for Programmers}",
  BOOKTITLE = "{Int.\ Symp.\ on Leveraging Applications of Formal Methods,
                Verification, and Validation}",
  YEAR      = 2012,
  series    = "{LNCS 7609}",
  pages     = {582--586},
}

@article{LEE12jvlc,
  author    = {Luckey, M. and Erwig, M. and Engels, G.},
  title     = "{Systematic Evolution of Model-Based Spreadsheet Applications}",
  journal   = JVLC,
  year      = "2012",
  pages     = "267--286",
  volume    = "23",
  number    = "5",
}

@INPROCEEDINGS{GE12woda,
  author    = "Groce, A. and Erwig, M.",
  TITLE     = "{Finding Common Ground: Choose, Assert, and Assume}",
  BOOKTITLE = "{Int.\ Workshop on Dynamic Analysis}",
  YEAR      = 2012,
  pages = {12--17}
}

@INPROCEEDINGS{EG12fase,
author    = "Erwig, M. and Gopinath, R.",
TITLE     = "{Explanations for Regular Expressions}",
BOOKTITLE = "{Int.\ Conf.\ on Fundamental Approaches to Software Engineering}",
YEAR      = 2012,
pages     = {394--408},
series    = "{LNCS 7212}",
}


%%% 2011

@INPROCEEDINGS{BEFP11dsl,
author    = "Bauer, T. and Erwig, M. and Fern, A. and Pinto, J.",
TITLE     = "{Adaptation-Based Programming in Haskell}",
BOOKTITLE = DSL,
YEAR      = "2011",
PAGES     = {1--23},
}

@INPROCEEDINGS{PFBE11acml,
author    = "Pinto, J. and Fern, A. and Bauer, T. and Erwig, M.",
TITLE     = "{Improving Policy Gradient Estimates with Influence
Information}",
BOOKTITLE = "{Asian Conference on Machine Learning}",
YEAR      = "2011",
PAGES     = {1--16},
}

@INPROCEEDINGS{CE11splc,
author    = "Chen, S. and Erwig, M.",
TITLE     = "{Optimizing the Product Derivation Process}",
BOOKTITLE = "{IEEE Int.\ Software Product Line Conference}",
YEAR      = "2011",
pages     = {35--44},
}

@INPROCEEDINGS{BEFP11pepm,
author    = "Bauer, T. and Erwig, M. and Fern, A. and Pinto, J.",
TITLE     = "{Adaptation-Based Program Generation in Java}",
BOOKTITLE = PEPM,
YEAR      = "2011",
PAGES     = "81--90",
}

% http://\discretionary{}{}{}eecs.oregonstate.edu/\discretionary{}{}{}\verb:~:erwig/\discretionary{}{}{}papers/\discretionary{}{}{}cc-draft.pdf}",

@article{euse11,
author    = "A. J. Ko and R. Abraham and L. Beckwith and A. Blackwell and M. M.
Burnett and M. Erwig and J. Lawrence and C. Scaffidi and H. Lieberman and B.
Myers and M. B. Rosson and G. Rothermel and M. Shaw and S. Wiedenbeck.",
title     = "{The State of the Art in End-User Software Engineering}",
journal   = "{ACM Computing Surveys}",
year      = "2011",
VOLUME    = "43",
NUMBER    = "3",
}
% PAGES     = "25--30",


%%% 2010

@INPROCEEDINGS{PFBE10icmla,
author    = "Pinto, J. and Fern, A. and Bauer, T. and Erwig, M.",
TITLE     = "{Robust Learning for Adaptive Programs by Leveraging Program Structure}",
BOOKTITLE = "{IEEE Int.\ Conf.\ on Machine Learning and Applications}",
PAGES     = {943--948},
YEAR      = "2010",
}

@INPROCEEDINGS{Erw10gpce,
author    = "Erwig, M.",
TITLE     = "{A Language for Software Variation}",
BOOKTITLE = GPCE,
YEAR      = "2010",
PAGES     = "3--12"
}

@article{CE10jvlc,
author    = {Chambers, C. and Erwig, M.},
title     = "{Reasoning about Spreadsheets with Labels and Dimensions}",
journal   = JVLC,
year      = "2010",
PAGES     = "249--262",
VOLUME    = "21",
NUMBER    = "5",
}

@INPROCEEDINGS{CEL10hcc,
author    = "Chambers, C. and Erwig, M. and Luckey, M.",
TITLE     = "{SheetDiff: A Tool for Identifying Changes in Spreadsheets}",
BOOKTITLE = VLHCC,
YEAR      = "2010",
PAGES     = "85--92"
}

@INPROCEEDINGS{CES10hcc,
author    = "Cunha, J. and Erwig, M. and Saraiva, J.",
TITLE     = "{Automatically Inferring ClassSheet Models from Spreadsheets}",
BOOKTITLE = VLHCC,
YEAR      = "2010",
PAGES     = "93--100"
}




%%% 2009

@INPROCEEDINGS{BE09sle,
author    = "Bauer, T. and Erwig, M.",
TITLE     = "{Declarative Scripting in Haskell}",
BOOKTITLE = SLE,
YEAR      = "2009",
PAGES     = "294--313",
SERIES    = "LNCS 5969",
}

@article{Erw09software,
author    = {Erwig, M.},
title     = "{Software Engineering for Spreadsheets}",
journal   = "{IEEE Software}",
year      = "2009",
VOLUME    = "29",
NUMBER    = "5",
PAGES     = "25--30",
}

@INPROCEEDINGS{CE09hcc,
author    = "Chambers, C. and Erwig, M.",
TITLE     = "{Combining Spatial and Semantic Label Analysis}",
BOOKTITLE = VLHCC,
YEAR      = "2009",
PAGES     = "225--232",
}

@article{CE09jvlc,
author    = {Chambers, C. and Erwig, M.},
title     = "{Automatic Detection of Dimension Errors in Spreadsheets}",
journal   = JVLC,
year      = "2009",
VOLUME    = "20",
NUMBER    = "4",
PAGES     = "269--283"
}

@article{AE09tse,
author    = {Abraham, R. and Erwig, M.},
title     = "{Mutation Operators for Spreadsheets}",
year      = "2009",
journal   = TSE,
VOLUME    = "35",
NUMBER    = "1",
PAGES     = "94--108",
}

@incollection{ABE09enc,
author    = {Abraham, R. and Burnett, M.~M. and Erwig, M.},
title     = "{Spreadsheet Programming}",
editor    = {B.~J. Wah},
booktitle = "{Encyclopedia of Computer Science and Engineering}",
year      = "2009",
publisher = {John Wiley \& Sons, Inc.},
pages     = "2804--2810",
}


%%% 2008

@ARTICLE{BCE08jaot,
author    = "Bennett, A.~F. and Chua, B.~S. and Erwig, M. and Fu, Z. and
             Loft, R.~D. and Muccino, J.~C. and Pflaum, B.~L.",
TITLE     = "{The Inverse Ocean Modeling System. I: Implementation}",
YEAR      = "2008",
JOURNAL   =  "{Journal of Atmospheric and Oceanic Technology}",
VOLUME    = "25",
NUMBER    = "9",
PAGES     = "1608--1622",
}

@INPROCEEDINGS{AE08hcc,
author    = "Abraham, R. and Erwig, M.",
TITLE     = "{Test-Driven Goal-Directed Debugging in Spreadsheets}",
BOOKTITLE = VLHCC,
YEAR      = "2008",
PAGES     = "131--138"
}

@INPROCEEDINGS{CE08hcc,
author    = "Chambers, C. and Erwig, M.",
TITLE     = "{Dimension Inference in Spreadsheets}",
BOOKTITLE = VLHCC,
YEAR      = "2008",
PAGES     = "123--130"
}

@INPROCEEDINGS{CE08hccBest,
author    = "Chambers, C. and Erwig, M.",
TITLE     = "{Dimension Inference in Spreadsheets}",
BOOKTITLE = VLHCC,
YEAR      = "2008",
PAGES     = "123--130",
NOTE      = "{(\textbf{Best Paper Award})}"
}

@INPROCEEDINGS{AED08dmdw,
author    = "Aleksovski, D. and Erwig, M. and D\^{z}eroski, S.",
TITLE     = "{A Functional Programming Approach to Distance-Based
              Machine Learning}",
BOOKTITLE = "Conference on Data Mining and Data Warehouses",
YEAR      = "2008",
}


%%% 2007

@InProceedings{AE07Dagstuhl,
  author =      {Abraham, R. and Erwig, M.},
  title =       "{Exploiting Domain-Specific Structures For End-User
                 Programming Support Tools}",
  booktitle =   {End-User Software Engineering},
  year =        {2007},
  editor =      {M.~M. Burnett and G. Engels and B.~A. Myers and G. Rothermel},
  number =      {07081},
  series =      {Dagstuhl Seminar Proceedings},
  ISSN =        {1862-4405},
}

@INPROCEEDINGS{AEA07hcc,
author    = "Abraham, R. and Erwig, M. and Andrew, S.",
TITLE     = "{A Type System Based on End-User Vocabulary}",
BOOKTITLE = VLHCC,
YEAR      = "2007",
PAGES     = "215--222"
}

@article{BCEE07jot,
author    = "Bals, J.-C. and Christ, F. and Engels, G. and Erwig, M.",
TITLE     = "{ClassSheets -- Model-Based, Object-Oriented Design of
              Spreadsheet Applications}",
journal   = "{Journal of Object Technologies}",
YEAR      = "2007",
volume    = "6",
}

% NUMBER    = "1--3",
% PAGES     = "101--129",
@ARTICLE{ER07scpLong,
author    = "Erwig, Martin and Ren, Deling",
TITLE     = "{An Update Calculus for Expressing Type-Safe Program Updates}",
YEAR      = "2007",
JOURNAL   =  "{Science of Computer Programming}",
VOLUME    = "67",
NUMBER    = "2-3",
PAGES     = "199--222",
}

@ARTICLE{ER07scp,
author    = "Erwig, M. and Ren, D.",
TITLE     = "{An Update Calculus for Expressing Type-Safe Program Updates}",
YEAR      = "2007",
JOURNAL   =  "{Science of Computer Programming}",
VOLUME    = "67",
NUMBER    = "2-3",
PAGES     = "199--222",
}

@ARTICLE{EFP07jsme,
author    = "Erwig, M. and Fu, Z. and Pflaum, B.",
TITLE     = "{Parametric Fortran: Program Generation in Scientific Computing}",
YEAR      = "2007",
JOURNAL   =  "{Journal of Software Maintenance and Evolution}",
VOLUME    = "19",
NUMBER    = "3",
PAGES     = "155--182",
}

@article{AE07jvlc,
author    = {Abraham, R. and Erwig, M.},
title     = "{UCheck: A Spreadsheet Unit Checker for End Users}",
journal   = JVLC,
year      = "2007",
VOLUME    = "18",
NUMBER    = "1",
PAGES     = "71--95",
}

@INPROCEEDINGS{AE07icse,
author    = "Abraham, R. and Erwig, M.",
TITLE     = "{GoalDebug: A Spreadsheet Debugger for End Users}",
BOOKTITLE = "{29th IEEE Int.\ Conf.\ on Software Engineering}",
YEAR      = "2007",
pages     = "251--260"
}


%%% 2006

@INPROCEEDINGS{RE06haskell,
author    = "Ren, D. and Erwig, M.",
TITLE     = "{A Generic Recursion Toolbox for Haskell
              (Or: Scrap Your Boilerplate Systematically)}",
BOOKTITLE = "{ACM SIGPLAN Haskell Workshop}",
YEAR      = "2006",
PAGES     = "13--24",
}

@INPROCEEDINGS{AE06hcc,
author    = "Abraham, R. and Erwig, M.",
TITLE     = "{AutoTest: A Tool for Automatic Test Case Generation in Spreadsheets}",
BOOKTITLE = VLHCC,
YEAR      = "2006",
PAGES     = "43--50",
}

@INPROCEEDINGS{LABE06hcc,
author    = "Lawrence, J. and Abraham, R. and Burnett, M.~M. and Erwig, M.",
TITLE     = "{Sharing Reasoning about Faults in Spreadsheets: An Empirical Study}",
BOOKTITLE = VLHCC,
YEAR      = "2006",
PAGES     = "35--42",
}

@INPROCEEDINGS{AE06ppdp,
author    = "Abraham, R. and Erwig, M.",
TITLE     = "{Type Inference for Spreadsheets}",
BOOKTITLE = "{ACM Int.\ Symp.\ on Principles and Practice of Declarative Programming}",
YEAR      = "2006",
PAGES     = "73--84",
}

@INPROCEEDINGS{AE06icse,
author    = "Abraham, R. and Erwig, M.",
TITLE     = "{Inferring Templates from Spreadsheets}",
BOOKTITLE = "{28th IEEE Int.\ Conf.\ on Software Engineering}",
YEAR      = "2006",
PAGES     = "182--191",
}

@article{EACK06jfp,
author      = "Erwig, M. and Abraham, R. and Kollmansberger, S. and Cooperstein, I.",
TITLE       = "{Gencel -- A Program Generator for Correct Spreadsheets}",
JOURNAL     = JFP,
YEAR        = "2006",
VOLUME    = "16",
NUMBER    = "3",
PAGES     = "293--325",
}

@INPROCEEDINGS{LABE06weuse,
author    = "Lawrence, J. and Abraham, R. Burnett, M.~M. and Erwig, M.",
TITLE     = "{Toward Sharing Reasoning to Improve Fault Localization in Spreadsheets}",
BOOKTITLE = "{2nd Workshop on End-User Software Engineering}",
YEAR      = "2006",
}
% PAGES     = "52--56",

@article{Erw06jvlc,
author    = "Erwig, M.",
TITLE     = "{Visual Type Inference}",
JOURNAL   = JVLC,
YEAR      = "2006",
VOLUME    = "17",
NUMBER    = "2",
PAGES     = "161--186",
}

@article{EK06jfp,
author      = "Erwig, M. and Kollmansberger, S.",
TITLE       = "{Probabilistic Functional Programming in Haskell}",
JOURNAL     = JFP,
YEAR        = "2006",
VOLUME    = "16",
NUMBER    = "1",
PAGES     = "21--34",
}

@INPROCEEDINGS{EFP06pepm,
author    = "Erwig, M. and Fu, Z. and Pflaum, B.",
TITLE     = "{Generic Programming in Fortran}",
BOOKTITLE = PEPM,
YEAR      = "2006",
PAGES     = "130--139",
}


@INPROCEEDINGS{EK06padl,
author    = "Erwig, M. and Kollmansberger, S.",
TITLE     = "{Modeling Genome Evolution with a DSEL for Probabilistic
              Programming}",
BOOKTITLE = "Int.\ Symp.\ on Practical Aspects of Declarative Languages",
YEAR      = "2006",
PAGES     = "134--149",
SERIES    = "LNCS 3819",
}


%%% 2005

@INPROCEEDINGS{EE05ase,
author    = "Engels, G. and Erwig, M.",
TITLE     = "{ClassSheets: Automatic Generation of Spreadsheet Applications
              from Object-Oriented Specifications}",
YEAR      = "2005",
BOOKTITLE = "20th IEEE/ACM Int.\ Conf.\ on Automated Software Engineering",
PAGES     = "124--133",
}

@INPROCEEDINGS{AE05hcc,
author    = "Abraham, R. and Erwig, M.",
TITLE     = "{Goal-Directed Debugging of Spreadsheets}",
BOOKTITLE = VLHCC,
YEAR      = "2005",
PAGES      = "37--44",
}

@INPROCEEDINGS{AEKS05hcc,
author      = "Abraham, R. and Erwig, M. and Kollmansberger, S. and Seifert, E.",
TITLE       = "{Visual Specifications of Correct Spreadsheets}",
BOOKTITLE   = VLHCC,
YEAR        = "2005",
PAGES        = "189--196",
}

@INPROCEEDINGS{EACK05icse,
author    = "Erwig, M. and Abraham, R. and Cooperstein, I. and Kollmansberger, S.",
TITLE     = "{Automatic Generation and Maintenance of Correct Spreadsheets}",
BOOKTITLE = "{27th IEEE Int.\ Conf.\ on Software Engineering}",
YEAR      = "2005",
PAGES     = "136--145",
}

@INPROCEEDINGS{AE05weuse,
author    = "Abraham, R. and Erwig, M.",
TITLE     = "{How to Communicate Unit Error Messages in Spreadsheets}",
BOOKTITLE = "{1st Workshop on End-User Software Engineering}",
YEAR      = "2005",
PAGES     = "52--56",
}

@article{EF05tosem,
author    = "Erwig, M. and Fu, Z.",
TITLE     = "{Software Reuse for Scientific Computing Through Program Generation}",
JOURNAL   = "{ACM Transactions on Software Engineering and Methodology}",
YEAR      = "2005",
VOLUME    = "14",
NUMBER    = "2",
PAGES     = "168--198",
}



%%% 2004

@BOOK{Erw04fos,
EDITOR    = "Erwig, M.",
TITLE     = "{Proc.\ of the Int.\ Workshop on the Foundations of
              Spreadsheets (FoS'04)}",
ADDRESS   = {Rome, Italy},
YEAR      = "2004",
NOTE      = WWWBASE # "{\small\tt FoS04}",
}

@INPROCEEDINGS{AE04hcc,
author    = "Abraham, R. and Erwig, M.",
TITLE     = "{Header and Unit Inference for Spreadsheets Through Spatial Analyses}",
BOOKTITLE = VLHCC,
YEAR      = "2004",
PAGES     = "165--172",
}

@INPROCEEDINGS{AE04hccBest,
author    = "Abraham, R. and Erwig, M.",
TITLE     = "{Header and Unit Inference for Spreadsheets Through Spatial Analyses}",
BOOKTITLE = VLHCC,
YEAR      = "2004",
PAGES     = "165--172",
NOTE      = "{(\textbf{Best Paper Award})}"
}

@INPROCEEDINGS{EF04padl,
author    = "Erwig, M. and Fu, Z.",
TITLE     = "{Parametric Fortran -- A Program Generator for Customized
              Generic Fortran Extensions}",
BOOKTITLE = "6th Int.\ Symp.\ on Practical Aspects of Declarative Languages",
YEAR      = "2004",
SERIES    = "LNCS 3057",
PAGES     = "209--223",
}

@ARTICLE{ER04scp,
author    = "Erwig, M. and Ren, D.",
TITLE     = "{Monadification of Functional Programs}",
YEAR      = "2004",
JOURNAL   =  "{Science of Computer Programming}",
VOLUME    = "52",
NUMBER    = "1--3",
PAGES     = "101--129",
}

@ARTICLE{Erw04jfp,
author    = "Erwig, M.",
TITLE     = "{Escape from Zurg: An Exercise in Logic Programming}",
YEAR      = "2004",
JOURNAL   = JFP,
VOLUME    = "14",
NUMBER    = "3",
PAGES     = "253--261",
}

@incollection{Erw04fqr,
author    = "Erwig, M.",
TITLE     = "{Toward Spatiotemporal Patterns}",
YEAR      = "2004",
booktitle = "{Spatio-Temporal Databases}",
editor    = "De Caluwe,  R. and De Tre, G. and Bordogna, G.",
publisher = "Springer",
address   = "Berlin",
PAGES     = "29--54"
}


%%% 2003

@INPROCEEDINGS{Erw03xsdm,
author    = "Erwig, M.",
TITLE     = "{Toward the Automatic Derivation of XML Transformations}",
YEAR      = "2003",
BOOKTITLE = "{1st Int.\ Workshop on XML Schema and Data Management}",
SERIES    = "LNCS 2814",
PAGES     = "342--354",
}

@INPROCEEDINGS{EH03dexa,
author    = "Erwig, M. and He, J.",
TITLE     = "{KeyQuery - A Front End for the Automatic Translation of Keywords
              into Structured Queries}",
YEAR      = "2003",
SERIES    = "LNCS 2736",
PAGES     = "494--503",
BOOKTITLE = "{14th Int.\ Conf.\ on Database and Expert Systems Applications}",
}

@INPROCEEDINGS{ER03esop,
author    = "Erwig, M. and Ren, D.",
TITLE     = "{Type-Safe Update Programming}",
YEAR      = "2003",
BOOKTITLE = "{12th European Symp.\ on Programming}",
SERIES    = "LNCS 2618",
PAGES     = "269--283",
}

@ARTICLE{Erw03jvlc,
author    = "Erwig, M.",
TITLE     = "{Xing: A Visual XML Query Language}",
JOURNAL   = JVLC,
YEAR      = "2003",
VOLUME    = "14",
NUMBER    = "1",
PAGES     = "5--45",}

@ARTICLE{ES03jvlc,
author    = "Erwig, M. and Schneider, M.",
TITLE     = "{A Visual Language for the Evolution of Spatial Relationships
              and its Translation into a Spatio-Temporal Calculus}",
JOURNAL   = JVLC,
YEAR      = "2003",
VOLUME    = "14",
NUMBER    = "2",
PAGES     = "181--211", }

@incollection{GBE03choro,
author    = "G{\"u}ting, R.~H. and B{\"o}hlen, M.~H. and Erwig, M.
             and Jensen, C.~S. and Lorentzos, N.~A. and Nardelli, E.
             and Schneider, M.",
TITLE     = "{Spatio-Temporal Models and Languages:
              An Approach Based on Data Types}",
YEAR      = "2003",
booktitle = "{Spatio-Temporal Databases: The CHOROCHRONOS Approach}",
series    = "{LNCS 2520}",
editor    = "Sellis, T. et al.",
PAGES     = "97--146", }

% publisher = "Kluwer Academic Publishers",
% address   = "Norwell, MA",
% chapter   = 6,
% PAGES     = "105--126",


%%% 2002

@incollection{ES02stis,
author    = "Erwig, M. and Schneider, M.",
TITLE     = "{STQL: A Spatio-Temporal Query Language}",
YEAR      = "2002",
booktitle = "{Mining Spatio-Temporal Information Systems}",
editor   = "Ladner, R. and Shaw, K. and Abdelguerfi, M.",
publisher = "Kluwer Academic Publishers",
address   = "Norwell, MA",
chapter   = 6,
PAGES     = "105--126", }

@INPROCEEDINGS{ER02ruleBest,
author    = "Erwig, M. and Ren, D.",
TITLE     = "{A Rule-Based Language for Programming Software Updates}",
YEAR      = "2002",
BOOKTITLE = "3rd ACM SIGPLAN Workshop on Rule-Based Programming",
PAGES     = "67--77",
note      = "Selected as one of the two best papers. Reprinted in a special issue
of the SIGPLAN Notices, {\it Vol.\ 37}, No.~12, pages 88--97."}

@INPROCEEDINGS{ER02rule,
author    = "Erwig, M. and Ren, D.",
TITLE     = "{A Rule-Based Language for Programming Software Updates}",
YEAR      = "2002",
BOOKTITLE = "3rd ACM SIGPLAN Workshop on Rule-Based Programming",
PAGES     = "67--77",}

@INPROCEEDINGS{BE02hcc,
author    = "Burnett, M.~M. and Erwig, M.",
TITLE     = "{Visually Customizing Inference Rules About Apples and Oranges}",
BOOKTITLE = "{2nd IEEE Int.\ Symp.\ on Human-Centric Computing Languages
             and Environments}",
YEAR      = "2002",
PAGES     = "140--148",}

@ARTICLE{ES02tkde,
author    = "Erwig, M. and Schneider, M.",
TITLE     = "{Spatio-Temporal Predicates}",
YEAR      = "2002",
JOURNAL   = "{IEEE Transactions on Knowledge and Data Engineering}",
VOLUME    = "14",
NUMBER    = "4",
PAGES     = "881--901",}

@INPROCEEDINGS{EB02padl,
author    = "Erwig, M. and Burnett, M.~M.",
TITLE     = "{Adding Apples and Oranges}",
YEAR      = "2002",
BOOKTITLE = "{4th Int.\ Symp.\ on Practical Aspects of Declarative Languages}",
PAGES     = "173--191",
SERIES    = "LNCS 2257",}

@inproceedings{Erw02nsf,
   author = "Erwig, M.",
   title = "{Design of Spatio-Temporal Query Languages}",
   booktitle = "NSF/BDEI Workshop on Spatio-Temporal Data Models of
                Biogeophysical Fields for Ecological Forecasting",
   address = "San Diego Supercomputer Center, La Jolla, CA, USA",
   year = "2002" }


%%% 2001


@INPROCEEDINGS{Erw01ase,
author    = "Erwig, M.",
TITLE     = "{Programs are Abstract Data Types}",
YEAR      = "2001",
BOOKTITLE = "16th IEEE Int.\ Conf.\ on Automated Software Engineering",
PAGES     = "400--403", }

@ARTICLE{Erw01jfp,
author    = "Erwig, M.",
TITLE     = "{Inductive Graphs and Functional Graph Algorithms}",
YEAR      = "2001",
JOURNAL   = JFP,
VOLUME    = 11,
NUMBER    = 5,
PAGES     = "467--492",
ABSTRACT  = getabs # "jfp00.abs"
}


%%% 2000

@INPROCEEDINGS{Erw00xml,
author    = "Erwig, M.",
TITLE     = "{XML Queries and Transformations for End Users}",
YEAR      = "2000",
BOOKTITLE = "XML 2000",
PAGES     = "259--269",
ABSTRACT  = getabs # "xml00.abs"
}

@INPROCEEDINGS{Erw00vl,
author    = "Erwig, M.",
TITLE     = "{A Visual Language for XML}",
YEAR      = "2000",
BOOKTITLE = "16th " # VL,
PAGES     = "47--54",
ABSTRACT  = getabs # "vl00.abs"
}

@INPROCEEDINGS{EP00,
author    = "Erwig, M. and {Peyton Jones}, S.~L.",
TITLE     = "{Pattern Guards and Transformational Patterns}",
YEAR      = "2000",
BOOKTITLE = "{ACM SIGPLAN Haskell Workshop}",
PAGES     = "",
ABSTRACT  = {}
}

@article{EP00entcs,
author    = "Erwig, M. and {Peyton Jones}, S.~L.",
TITLE     = "{Pattern Guards and Transformational Patterns}",
YEAR      = "2000",
journal   = "{Electronic Notes in Theoretical Computer Sciences}",
volume    = 41,
number    = 1,
PAGES     = "12.1--12.27",
ABSTRACT  = {}
}


@INPROCEEDINGS{ES00sdh,
author    = "Erwig, M. and Schneider, M.",
TITLE     = "{Formalization of Advanced Map Operations}",
YEAR      = "2000",
BOOKTITLE = "{9th Int.\ Symp.\ on Spatial Data Handling}",
PAGES     = "8a.3--8a.17",
ABSTRACT  = {}
}

@INPROCEEDINGS{Erw00amast,
author    = "Erwig, M.",
TITLE     = "{Random Access to Abstract Data Types}",
YEAR      = "2000",
BOOKTITLE = "8th " # AMAST,
SERIES    = "LNCS 1816",
PAGES     = "135--149",
ABSTRACT  = {}
}

@INPROCEEDINGS{ES00vdbProc,
author      = "Erwig, M. and Schneider, M.",
TITLE       = "{Query-By-Trace: Visual Predicate Specification
                in Spatio-Temporal Databases}",
BOOKTITLE = "{5th Int.\ Conf.\ on Visual Database Systems}",
PAGES     = "199--218",
NOTE      = "",
YEAR      = "2000",
}

@INCOLLECTION{ES00vdb,
author      = "Erwig, M. and Schneider, M.",
TITLE       = "{Query-By-Trace: Visual Predicate Specification
                in Spatio-Temporal Databases}",
EDITOR    = "Arisawa, H. and Catarci, T.",
BOOKTITLE = "{Advances in Visual Information Management -- Visual Database Systems}",
publisher = {Kluwer Academic Publishers},
address   = {Boston, MA},
PAGES     = "199--218",
NOTE      = "",
YEAR      = "2000",
}
% BOOKTITLE = "{5th IFIP Conf.\ on Visual Databases}",

@ARTICLE{GBE00tods,
author    = "G{\"u}ting, R.~H. and B{\"o}hlen, M.~H. and Erwig, M.
             and Jensen, C.~S. and Lorentzos, N.~A.
             and Schneider, M. and Vazirgiannis, M.",
TITLE     = "{A Foundation for Representing and Querying Moving Objects}",
YEAR      = "2000",
JOURNAL   = "{ACM Transactions on Database Systems}",
VOLUME    = "25",
NUMBER    = "1",
PAGES     = "1--42",
ABSTRACT  = getabs # "tods.abs"
}

@ARTICLE{GBE00todsMost,
author    = "G{\"u}ting, R.~H. and B{\"o}hlen, M.~H. and Erwig, M.
             and Jensen, C.~S. and Lorentzos, N.~A.
             and Schneider, M. and Vazirgiannis, M.",
TITLE     = "{A Foundation for Representing and Querying Moving Objects}",
YEAR      = "2000",
JOURNAL   = "{ACM Transactions on Database Systems}",
VOLUME    = "25",
NUMBER    = "1",
PAGES     = "1--42",
NOTE      = "{\textbf{Most cited ACM TODS paper in ten years (1994-2003)}}"
}


@ARTICLE{Erw00netw,
author    = "Erwig, M.",
TITLE     = "{The Graph Voronoi Diagram with Applications}",
YEAR      = "2000",
JOURNAL   = "{Networks}",
VOLUME    = "36",
NUMBER    = "3",
PAGES     = "156--163",
ABSTRACT  = getabs # "netw00.abs"
}


%%% 1999

@INPROCEEDINGS{Erw99vl,
author    = "Erwig, M.",
TITLE     = "{Visual Graphs}",
YEAR      = "1999",
BOOKTITLE = "15th " # VL,
PAGES     = "122--129",
ABSTRACT  = getabs # "vl99.abs"
}

@INPROCEEDINGS{ES99vl,
author    = "Erwig, M. and Schneider, M.",
TITLE     = "{Visual Specifications of Spatio-Temporal Developments}",
YEAR      = "1999",
BOOKTITLE = "15th " # VL,
PAGES     = "187--188",
ABSTRACT  = getabs # "vl99b.abs"
}

@INPROCEEDINGS{ES99stdbm,
author    = "Erwig, M. and Schneider, M.",
TITLE     = "{The Honeycomb Model of Spatio-Temporal Partitions}",
YEAR      = "1999",
BOOKTITLE = "{Int.\ Workshop on Spatio-Temporal Database Management}",
PAGES     = "39--59",
SERIES    = "LNCS 1678",
ABSTRACT  = getabs # "stdbm99.abs"
}

@INPROCEEDINGS{ES99stdml,
author    = "Erwig, M. and Schneider, M.",
TITLE     = "{Developments in Spatio-Temporal Query Languages}",
YEAR      = "1999",
BOOKTITLE = "{IEEE Int.\ Workshop on Spatio-Temporal Data Models and Languages}",
PAGES     = "441--449",
ABSTRACT  = getabs # "stdml99.abs"
}
% BOOKTITLE="{IEEE Int.\ Workshop on Database and Expert Systems Applications}",

@ARTICLE{EGSV99geoinf,
author    = {Erwig, M. and G{\"u}ting, R.~H. and Schneider, M.
             and Vazirgiannis, M.},
TITLE     = "{Spatio-Temporal Data Types: An Approach to
              Modeling and Querying Moving Objects in Databases}",
YEAR      = "1999",
JOURNAL   = "{GeoInformatica}",
VOLUME    = "3",
NUMBER    = "3",
PAGES     = "269--296",
ABSTRACT  = getabs # "geoinf99.abs"
}

%%% 1998

@ARTICLE{Erw98jfp,
author    = "Erwig, M.",
TITLE     = "{Diets for Fat Sets}",
YEAR      = "1998",
JOURNAL   = JFP,
VOLUME    = "8",
NUMBER    = "6",
PAGES     = "627--632",
ABSTRACT  = getabs # "jfp98.abs"
}

@ARTICLE{Erw98jvlc,
author    = "Erwig, M.",
TITLE     = "{Abstract Syntax and Semantics of Visual Languages}",
YEAR      = "1998",
JOURNAL   = JVLC,
VOLUME    = "9",
NUMBER    = "5",
PAGES     = "461--483",
ABSTRACT  = getabs # "jvlc98.abs"
}

@INPROCEEDINGS{Erw98amast,
author    = "Erwig, M.",
TITLE     = "{Categorical Programming with Abstract Data Types}",
YEAR      = "1998",
BOOKTITLE = "7th " # AMAST,
SERIES    = "LNCS 1548",
PAGES     = "406--421",
ABSTRACT  = getabs # "amast98.abs"
}

@INPROCEEDINGS{ESG98newdb,
author    = "Erwig, M. and Schneider, M. and G{\"u}ting, R.~H.",
TITLE     = "{Temporal Objects for Spatio-Temporal Data Models
              and a Comparison of Their Representations}",
YEAR      = "1998",
BOOKTITLE = "{Int.\ Workshop on Advances in Database Technologies}",
SERIES    = "LNCS 1552",
PAGES     = "454--465",
ABSTRACT  = getabs # "newdb98.abs"
}

% TITLE     = "{\mbox{}\hfill\\ Abstract and Discrete
% \mbox{Modeling} of Spatio-Temporal Data Types}",
@INPROCEEDINGS{EGSV98acmgis,
author    = "Erwig, M. and G{\"u}ting, R.~H.
             and Schneider, M. and Vazirgiannis, M.",
TITLE     = "{Abstract and Discrete \mbox{Modeling} of Spatio-Temporal Data Types}",
YEAR      = "1998",
BOOKTITLE = "{6th ACM Symp.\ on Geographic Information Systems}",
PAGES     = "131--136",
ABSTRACT  = getabs # "acmgis98.abs"
}

@INPROCEEDINGS{Erw98ifl,
author    = "Erwig, M.",
TITLE     = "{The Categorical Imperative -- Or: How to Hide Your State Monads}",
YEAR      = "1998",
BOOKTITLE = "10th " # IFL,
PAGES     = "1--25",
ABSTRACT  = getabs # "ifl98.abs"
}

@INPROCEEDINGS{Erw98vl,
author    = "Erwig, M.",
TITLE     = "{Visual Semantics -- Or: What You See is What You Compute}",
YEAR      = "1998",
BOOKTITLE = "14th " # VL,
PAGES     = "96--97",
ABSTRACT  = getabs # "vl98.abs"
}

%%% 1997

@INPROCEEDINGS{ES97cosit,
author    = "Erwig, M. and Schneider, M.",
TITLE     = "{Partition and Conquer}",
YEAR      = "1997",
BOOKTITLE = "{3rd Int.\ Conf.\ on Spatial Information Theory}",
SERIES    = "LNCS 1329",
PAGES     = "389--408",
ABSTRACT  = getabs # "cosit97.abs"
}

@INPROCEEDINGS{Erw97ifl,
author    = "Erwig, M.",
TITLE     = "{Fully Persistent Graphs -- Which One to Choose?}",
YEAR      = "1997",
BOOKTITLE = "9th " # IFL,
SERIES    = "LNCS 1467",
PAGES     = "123--140",
ABSTRACT  = getabs # "ifl97.abs"
}

@INPROCEEDINGS{Erw97vl,
author    = "Erwig, M.",
TITLE     = "{Semantics of Visual Languages}",
YEAR      = "1997",
BOOKTITLE = "13th " # VL,
PAGES     = "304--311",
ABSTRACT  = getabs # "vl97.abs"
}

@INPROCEEDINGS{Erw97tvl,
author    = "Erwig, M.",
TITLE     = "{Abstract Visual Syntax}",
YEAR      = "1997",
BOOKTITLE = "{2nd IEEE Int.\ Workshop on Theory of Visual Languages}",
PAGES     = "15--25",
ABSTRACT  = getabs # "tvl97.abs"
}

@INPROCEEDINGS{ES97ssd,
author    = "Erwig, M. and Schneider, M.",
TITLE     = "{Vague Regions}",
YEAR      = "1997",
BOOKTITLE = "{5th Int.\ Symp.\ on Advances in Spatial Databases}",
SERIES    = "LNCS 1262",
PAGES     = "298--320",
ABSTRACT  = getabs # "ssd97.abs"
}

@INPROCEEDINGS{Erw97icfp,
author    = "Erwig, M.",
TITLE     = "{Functional Programming with Graphs}",
YEAR      = "1997",
BOOKTITLE = "2nd " # ICFP,
PAGES     = "52--65",
ABSTRACT  = getabs # "icfp97.abs"
}

%%% 1996

@INPROCEEDINGS{Erw96,
author    = "Erwig, M.",
TITLE     = "{Active Patterns}",
YEAR      = "1996",
BOOKTITLE = "8th " # IFL,
SERIES    = "LNCS 1268",
PAGES     = "21--40",
ABSTRACT  = getabs # "ifl96.abs"
}

%%% 1995

% TITLE     = "{Heterogeneous Visual Languages -- \hfill\\
% Integrating Visual and Textual Programming}",
@INPROCEEDINGS{EM95,
author    = "Erwig, M. and Meyer, B.",
TITLE     = "{Heterogeneous Visual Languages -- Integrating
              Visual and Textual \mbox{Programming}}",
YEAR      = "1995",
BOOKTITLE = "11th " # VL,
PAGES     = "318--325",
ABSTRACT  = getabs # "vl95.abs",
}

@ARTICLE{Erw95,
author  = "Erwig, M.",
YEAR    = "1995",
TITLE   = "{Encoding Shortest Paths in Spatial Networks}",
JOURNAL = "{Networks}",
VOLUME  = "26",
PAGES   = "291--303",
ABSTRACT  = getabs # "netw95.abs"
}

%%% 1994

@ARTICLE{EG94,
author    = "Erwig, M. and G{\"u}ting, R.~H.",
TITLE     = "{Explicit Graphs in a Functional Model for Spatial Databases}",
YEAR      = "1994",
JOURNAL   = "{IEEE Transactions on Knowledge and Data Engineering}",
VOLUME    = "5",
NUMBER    = "6",
PAGES     = "787--804",
ABSTRACT  = getabs # "tkde94.abs"
}

@INPROCEEDINGS{Erw94,
author    = "Erwig, M.",
TITLE     = "{DEAL -- A Language for Depicting Algorithms}",
YEAR      = "1994",
BOOKTITLE = "10th " # VL,
SERIES    = "",
PAGES     = "184--185",
ABSTRACT  = getabs # "vl94.abs"
}

@PHDTHESIS{Erw94diss,
author    = "Erwig, M.",
TITLE     = "{Graphs in Spatial Databases}",
SCHOOL    = "FernUniversit{\"a}t Hagen",
TYPE      = "Dissertation",
YEAR      = 1994,
ABSTRACT  = getabs # "diss.abs"
}

%%% 1991-1993

@INPROCEEDINGS{Erw93,
author    = "Erwig, M.",
TITLE     = "{Specifying Type Systems with Multi-Level Order-Sorted Algebra}",
YEAR      = "1993",
BOOKTITLE = "3rd " # AMAST,
PAGES     = "177--184",
ABSTRACT  = getabs # "amast93.abs"
}

@INPROCEEDINGS{Erw92,
author    = "Erwig, M.",
TITLE     = "{Graph Algorithms = Iteration + Data Structures? The Structure
              of Graph Algorithms and a Corresponding Style of Programming}",
YEAR      = "1992",
BOOKTITLE = "18th " # WG,
SERIES    = "LNCS 657",
PAGES     = "277--292",
ABSTRACT  = getabs # "wg92.abs"
}

@INPROCEEDINGS{EL91,
author    = "Erwig, M. and Lipeck, U.~W.",
TITLE     = "{A Functional DBPL Revealing High Level Optimizations}",
YEAR      = "1991",
BOOKTITLE = "3rd " # DBPL,
PAGES     = "306--321",
ABSTRACT  = getabs # "dbpl91.abs"
}


%%% BOOKS

@book{Erw99book,
author    = {Erwig, M.},
title     = "{Grundlagen funktionaler {P}rogrammierung}",
publisher = {Oldenbourg {V}erlag},
year      = 1999,
address   = {M\"{u}nchen {W}ien},
ABSTRACT  = getabs # "FP.abs"
}

@book{Erw99bookE,
author    = {Erwig, M.},
title     = "{Foundations of Functional Programming {\rm (in German)}}",
publisher = {Oldenbourg {V}erlag},
year      = 1999,
address   = {{M}unich {V}ienna},
ABSTRACT  = getabs # "FP.abs"
}

@book{Erw99bookDE,
author    = {Erwig, M.},
title     = "{Grundlagen funktionaler {P}rogrammierung
              (Foundations of Functional Programming)}",
publisher = {Oldenbourg {V}erlag},
year      = 1999,
address   = {Munich Vienna},
ABSTRACT  = getabs # "FP.abs"
}

@book{GE99book,
author    = {G{\"u}ting, R.~H. and Erwig, M.},
title     = "{{\"U}bersetzerbau: {T}echniken, {W}erkzeuge, {A}nwendungen}",
publisher = {Springer-{V}erlag},
year      = 1999,
address   = {{B}erlin {H}eidelberg},
ABSTRACT  = getabs # "UEB.abs",
}

@book{GE99bookE,
author    = {G{\"u}ting, R.~H. and Erwig, M.},
title     = "{Compiler Construction: Techniques, Tools,
             and Applications {\rm (in German)}}",
publisher = {Springer-{V}erlag},
year      = 1999,
address   = {Berlin {H}eidelberg},
ABSTRACT  = getabs # "UEB.abs",
}

@book{GE99bookDE,
author    = {G{\"u}ting, R.~H. and Erwig, M.},
title     = "{{\"U}bersetzerbau: {T}echniken, {W}erkzeuge, {A}nwendungen
             (Compiler Construction: Techniques, Tools,
             and Applications)}",
publisher = {Springer-{V}erlag},
year      = 1999,
address   = {{B}erlin {H}eidelberg},
ABSTRACT  = getabs # "UEB.abs",
}


%%% EDITED BOOKS

@book{PEPM16,
author    = {Erwig, M. and Rompf, T.},
title     = "Proceedings of the " # PEPM,
publisher = "{ACM}",
year      = 2016,
address   = {New York, NY},
}

@book{SLE13,
author    = {Erwig, M. and Paige, R. and {van Wyk}, E.},
title     = "Proceedings of the " # SLE,
publisher = "{Springer Verlag}",
year      = 2013,
address   = {{B}erlin {H}eidelberg},
}

@book{VLHCC12,
author    = {Erwig, M. and Stapleton, G. and Costagliola, G.},
title     = "Proceedings of the " # VLHCC,
publisher = {{IEEE}},
year      = 2012,
address   = {Los Alamitos, CA},
}

@book{VLHCC09,
author    = {DeLine, R. and Minas, M. and Erwig, M.},
title     = "Proceedings of the " # VLHCC,
publisher = {{IEEE}},
year      = 2009,
address   = {Los Alamitos, CA},
}

@book{VLHCC05,
author    = {Erwig, M. and Sch\"{u}rr, A.},
title     = "Proceedings of the " # VLHCC,
publisher = {{IEEE}},
year      = 2005,
address   = {Los Alamitos, CA},
}

%%% REPORTS

@TECHREPORT{AEKS05Rep,
author      = "Abraham, R. and Erwig, M. and Kollmansberger, S. and Seifert, E.",
TITLE       = "{Visual Specifications of Correct Spreadsheets}",
TYPE        = "{Technical Report}",
NUMBER      = "{CS05-60-1}",
INSTITUTION = "{School of EECS, Oregon State University}",
YEAR        = "2005",
}

@TECHREPORT{EACK04rep,
author      = "Erwig, M. and Abraham, R. and Cooperstein, I. and Kollmansberger, S.",
TITLE       = "{Gencel -- A Program Generator for Correct Spreadsheets}",
TYPE        = "{Technical Report}",
NUMBER      = "{TR04-60-11}",
INSTITUTION = "{School of EECS, Oregon State University}",
YEAR        = "2004",
}

@TECHREPORT{EF02dslRep,
author    = "Erwig, M. and Fu, Z.",
TITLE     = "{Compiling Generic Mathematical Tool Descriptions into Fortran}",
TYPE        = "{Technical Report}",
NUMBER      = "{TR02-60-11}",
INSTITUTION = "{Department of Computer Science, Oregon State University}",
YEAR        = "2002",
NOTE      = WWW # "{\small\tt oceandsl.pdf}",
}

@TECHREPORT{EF02dslRepNoWWW,
author    = "Erwig, M. and Fu, Z.",
TITLE     = "{Compiling Generic Mathematical Tool Descriptions into Fortran}",
TYPE        = "{Technical Report}",
NUMBER      = "{TR02-60-11}",
INSTITUTION = "{Department of Computer Science, Oregon State University}",
YEAR        = "2002"
}

@TECHREPORT{EF02dslShort,
author    = "Erwig, M. and Fu, Z.",
TITLE     = "{Compiling Generic Mathematical Tool Descriptions into Fortran}",
TYPE        = "{Technical Report}",
NUMBER      = "{TR02-60-11}",
INSTITUTION = "{CS Dept., Oregon State University}",
YEAR        = "2002"
}

@TECHREPORT{ER02monadRep,
author    = "Erwig, M. and Ren, D.",
TITLE     = "{Monadification of Functional Programs}",
TYPE        = "{Technical Report}",
NUMBER      = "{TR02-60-10}",
INSTITUTION = "{Department of Computer Science, Oregon State University}",
YEAR        = "2002",
NOTE      = WWW # "{\small\tt monadify.pdf}",
}

@TECHREPORT{ER02monadRepNoWWW,
author    = "Erwig, M. and Ren, D.",
TITLE     = "{Monadification of Functional Programs}",
TYPE        = "{Technical Report}",
NUMBER      = "{TR02-60-10}",
INSTITUTION = "{Department of Computer Science, Oregon State University}",
YEAR        = "2002",
}

@TECHREPORT{ER02ucRepNoWWW,
author    = "Erwig, M. and Ren, D.",
TITLE     = "{An Update Calculus for Type-Safe Program Changes}",
TYPE        = "{Technical Report}",
NUMBER      = "{TR02-60-09}",
INSTITUTION = "{Department of Computer Science, Oregon State University}",
YEAR        = "2002",}

@TECHREPORT{ER02ucRep,
author    = "Erwig, M. and Ren, D.",
TITLE     = "{An Update Calculus for Type-Safe Program Changes}",
TYPE        = "{Technical Report}",
NUMBER      = "{TR02-60-09}",
INSTITUTION = "{Department of Computer Science, Oregon State University}",
YEAR        = "2002",
}
%% NOTE      = WWW # "{\small\tt UpdateCalculus\_REPORT.pdf}",

@TECHREPORT{ER02ucRepSubmit,
author    = "Erwig, M. and Ren, D.",
TITLE     = "{An Update Calculus for Type-Safe Program Changes}",
TYPE        = "{Technical Report}",
NUMBER      = "{TR02-60-09}",
INSTITUTION = "{Department of Computer Science, Oregon State University}",
YEAR        = "2002",
NOTE        = "Submitted for publication.",
}

@TECHREPORT{Erw02up,
author      = "Erwig, M.",
TITLE       = "{Update your Program? Program Your Update!}",
TYPE        = "{Technical Report}",
NUMBER      = "{TR02-60-01}",
INSTITUTION = "{Department of Computer Science, Oregon State University}",
YEAR        = "2002",
}

@TECHREPORT{Erw02upNoWWW,
author      = "Erwig, M.",
TITLE       = "{Update your Program? Program Your Update!}",
TYPE        = "{Technical Report}",
NUMBER      = "{TR02-60-01}",
INSTITUTION = "{Department of Computer Science, Oregon State University}",
YEAR        = "2002",
}


@TECHREPORT{Erw00radt,
author      = "Erwig, M.",
TITLE       = "{Random Access to Abstract Data Types}",
TYPE        = "{Technical Report}",
NUMBER      = 266,
INSTITUTION = {Fern\-Universi\-t\"{a}t Hagen},
YEAR        = "2000",
ABSTRACT    = {}
}

@TECHREPORT{ES99stp,
author    = "Erwig, M. and Schneider, M.",
TITLE     = "{Spatio-Temporal Predicates}",
TYPE        = "{Technical Report}",
NUMBER      = 262,
INSTITUTION = {Fern\-Universi\-t\"{a}t Hagen},
YEAR      = "1999",
}

@TECHREPORT{ES99vstp,
author    = "Erwig, M. and Schneider, M.",
TITLE     = "{Visual Specification of Spatio-Temporal Predicates}",
TYPE        = "{Technical Report}",
NUMBER      = 259,
INSTITUTION = {Fern\-Universi\-t\"{a}t Hagen},
YEAR      = "1999",
}

@TECHREPORT{Erw98mp,
author      = "Erwig, M.",
TITLE       = "{Metamorphic Programming: Structured Recursion for
                Abstract Data Types}",
TYPE        = "{Technical Report}",
NUMBER      = 242,
INSTITUTION = {Fern\-Universi\-t\"{a}t Hagen},
YEAR        = "1998",
ABSTRACT    = getabs # "tr242.abs"
}

@techReport{Erw98fgr,
author      = {Erwig, M.},
TITLE       = "{A Functional Homage to Graph Reduction}",
TYPE        = "{Technical Report}",
NUMBER      =  239,
INSTITUTION = "{FernUniversit{\"a}t Hagen}",
YEAR        = 1998,
ABSTRACT    = getabs # "tr239.abs"
}

@TECHREPORT{GBE98mo,
author    = "G{\"u}ting, R.~H. and B{\"o}hlen, M.~H. and Erwig, M.
             and Jenssen, C.~S. and Lorentzos, N.~A.
             and Schneider, M. and Vazirgiannis, M.",
TITLE     = "{A Foundation for Representing and Querying Moving Objects}",
TYPE        = "{Technical Report}",
NUMBER      = 238,
INSTITUTION = {Fern\-Universi\-t\"{a}t Hagen},
YEAR      = "1998",
}

@TECHREPORT{Erw98vs,
author      = "Erwig, M.",
TITLE       = "{Visual Semantics -- Or: What You See is What You Compute}",
TYPE        = "{Technical Report}",
NUMBER      = 230,
INSTITUTION = {Fern\-Universi\-t\"{a}t Hagen},
YEAR        = "1998",
}

@TECHREPORT{ESG97stdm,
author    = "Erwig, M. and Schneider, M. and G{\"u}ting, R.~H.",
TITLE     = "{Temporal and Spatio-Temporal Data Models
              and Their Expressive Power}",
TYPE        = "{Technical Report}",
NUMBER      = 225,
INSTITUTION = {Fern\-Universi\-t\"{a}t Hagen},
YEAR      = "1997",
}

@TECHREPORT{EGSV97stdm,
author    = "Erwig, M. and G{\"u}ting, R.~H.
             and Schneider, M. and Vazirgiannis, M.",
TITLE     = "{Spatio-Temporal Data Types: An Approach to
              Modeling and Querying Moving Objects in Databases}",
TYPE        = "{Technical Report}",
NUMBER      = 224,
INSTITUTION = {Fern\-Universi\-t\"{a}t Hagen},
YEAR      = "1997",
}

@inproceedings{Erw97aksr,
author      = "Erwig, M.",
TITLE       = "{Inductive Graphs and Their Applications}",
BOOKTITLE   = "{Annual GI-Workshop on Alternative Concepts
                for Languages and Computers}",
SERIES      = "{University of Kiel Technical Report 9712}",
YEAR        = "1997",
PAGES       = "20--27",
}

@TECHREPORT{ES97vr,
author    = "Erwig, M. and Schneider, M.",
TITLE     = "{Vague Regions}",
TYPE        = "{Technical Report}",
NUMBER      = 214,
INSTITUTION = {Fern\-Universi\-t\"{a}t Hagen},
YEAR      = "1997",
}

@inproceedings{Erw93gdb,
author      = "Erwig, M.",
TITLE       = "{Specification of Data Models with Multi-Level Algebra (in German)}",
BOOKTITLE   = "{5th GI-Workshop on Foundations of Databases}",
SERIES      = "{University of Rostock Technical Report 3-93}",
YEAR        = "1993",
PAGES       = "45--49",
}

@TECHREPORT{Erw92gel,
author      = "Erwig, M.",
TITLE       = "{Graph Algorithms = Iteration + Data Structures? The Structure
              of Graph Algorithms and a Corresponding Style of Programming}",
TYPE        = "{Technical Report}",
NUMBER      = 131,
INSTITUTION = {Fern\-Universi\-t\"{a}t Hagen},
YEAR        = "1992",
}

@inproceedings{EG92gdb,
author      = "Erwig, M. and G{\"u}ting, R.~H.",
TITLE       = "{Modeling Networks in Geo-Databases (in German)}",
BOOKTITLE   = "{4th GI-Workshop on Foundations of Databases}",
SERIES      = "{ECRC Technical Report ECRC-92-13}",
YEAR        = "1992",
PAGES       = "27--28",
}

@TECHREPORT{Erw91sp,
author      = "Erwig, M.",
TITLE       = "{Encoding Shortest Paths in Spatial Networks}",
TYPE        = "{Technical Report}",
NUMBER      = 116,
INSTITUTION = {Fern\-Universi\-t\"{a}t Hagen},
YEAR        = "1991",
}

@TECHREPORT{EG91eg,
author    = "Erwig, M. and G{\"u}ting, R.~H.",
TITLE     = "{Explicit Graphs in a Functional Model for Spatial Databases}",
TYPE        = "{Technical Report}",
NUMBER      = 110,
INSTITUTION = {Fern\-Universi\-t\"{a}t Hagen},
YEAR      = "1991",
}


%%% COURSES

@techreport{cs580,
author    = {Erwig, M.},
title     = "{CS 580: Translators}",
TYPE        = "{Graduate Course}",
institution = "{Oregon State University}",
year      = {Winter 2001},
NOTE      = "{\small \tt http://\discretionary{}{}{}www.cs.orst.edu/\discretionary{}{}{}\verb:~:erwig/\discretionary{}{}{}cs580}",
}

@techreport{cs581f01,
author    = {Erwig, M.},
title     = "{CS 581: Programming Languages}",
year      = {Fall 2001},
TYPE        = "{Graduate Course}",
institution = "{Department of Computer Science, Oregon State University}",
NOTE      = "{\small \tt http://www.cs.orst.edu/\discretionary{}{}{}\verb:~:erwig/\discretionary{}{}{}old/\discretionary{}{}{}cs581.f01}",
}
% NOTE      = "{\small \tt http://www.cs.orst.edu/\discretionary{}{}{}%
%              \verb:~:erwig/\discretionary{}{}{}old/\discretionary{}{}{}cs581.f01}",
% NOTE      = "{\small \tt http://www.cs.orst.edu/\verb:~:erwig/old/cs581.f01/}",

@misc{cs589,
title     = "{CS 589: Functional Programming}",
year      = {Spring 2001},
NOTE      = "{\small \tt ttp://www.cs.orst.edu/\discretionary{}{}{}\verb:~:erwig/\discretionary{}{}{}cs589}",
}


%%% Systems and others

@misc{HRules,
author    = "Haskell Rules",
TITLE     = "{Rule Systems Embedded into Haskell}",
YEAR      = "2006",
NOTE      = "{\small\tt
http://eecs.\discretionary{}{}{}oregonstate.\discretionary{}{}{}edu/\verb:~:erwig/HaskellRules}",
}

@misc{PFP,
author    = "PFP",
TITLE     = "{Probabilistic Functional Programming Library}",
YEAR      = "2005--2006",
NOTE      = "{\small\tt http://eecs.\discretionary{}{}{}oregonstate.\discretionary{}{}{}edu/\verb:~:erwig/pfp}",
}
%NOTE      = "{\small\tt http://eecs.\discretionary{}{}{}oregonstate.\discretionary{}{}{}edu/\discretionary{}{}{}\verb:~:erwig/\discretionary{}{}{}pfp}",

@misc{FGL,
author    = "FGL",
TITLE     = "{The Functional Graph Library}",
YEAR      = "1999--2005",
NOTE      = "{\small\tt http://eecs.oregonstate.edu/\discretionary{}{}{}\verb:~:erwig/\discretionary{}{}{}fgl}",
}

@INPROCEEDINGS{Erw11compr,
author    = "Erwig, M.",
TITLE     = "{Comprehending ADTs}",
YEAR      = "1999, 2011",
note = "{Draft paper}",
}

@misc{ELRTV,
author    = "Erwig, M. and L{\"{a}}mmel, R. and Reinke, C.
             and Thompson, S. and Visser, E.",
TITLE     = "{Meetings and Personal Communications During and After PLI'02}",
YEAR      = "2002", }


%%% Other stuff (rejected, never written, ...)


%
% Misc
%

@MISC{CRAW,
  author = "{Computing Research Association}",
  title = "{CRA-W Distributed Mentor Project}",
  note = "\url{cra.org/cra-w/dreu/}",
}

%  cra-w.org/ArticleDetails/tabid/77/ArticleID/54/Distributed-Research-Experiences-for-Undergraduates-DREU.aspx}",

@MISC{SATAC,
  author = "{Saturday Academy}",
  title = "{Apprenticeships in Science and Engineering (ASE)}",
   howpublished = "\url{www.saturdayacademy.org/ase/}",
}




@INPROCEEDINGS{AE03,
author    = "Abraham, R. and Erwig, M.",
TITLE     = "{FoXQ -- Toward A Form-Based Visual XQuery}",
YEAR      = "2003",
NOTE      = "Submitted to {\it Data and Knowledge Engineering}",
}


@ARTICLE{ACEKK05,
author    = "Allen, E. and Carrington, J. and Erwig, M. and
             Kasschau, K. and Kollmansberger, S.",
TITLE     = "{Computational Modeling of microRNA Formation and
              Target Differentiation in Plants}",
YEAR      = "2005",
NOTE      = "In preparation",
}


@inproceedings{EL10,
author    = "Erwig, M. and Le, D.",
TITLE     = "{Supporting Feature Modeling with the Choice Calculus}",
YEAR      = "2010",
NOTE      = "In preparation",
}
