@inproceedings{MR13oopsla,
 author = {Meyerovich, Leo A. and Rabkin, Ariel S.},
 title = {{Empirical Analysis of Programming Language Adoption}},
 booktitle = {ACM SIGPLAN International Conference on Object Oriented Programming Systems Languages and Applications},
 year = {2013},
 pages = {1--18},
} 

@inproceedings{Tak16,
 author = {Takikawa, Asumu and Feltey, Daniel and Greenman, Ben and New, Max S. and Vitek, Jan and Felleisen, Matthias},
 title = {{Is Sound Gradual Typing Dead?}},
 booktitle = {ACM SIGPLAN-SIGACT Symposium on Principles of Programming Languages},
 year = {2016},
 pages = {456--468},
 url = {http://doi.acm.org/10.1145/2837614.2837630},
 doi = {10.1145/2837614.2837630},
 publisher = {ACM},
} 

@inproceedings{SV08,
	author = {Siek, Jeremy G. and Vachharajani, Manish},
	title = {{Gradual Typing with Unification-based Inference}},
	booktitle = {Symposium on Dynamic Languages},
	year = {2008},
	pages = {7:1--7:12},
	url = {http://doi.acm.org/10.1145/1408681.1408688},
	doi = {10.1145/1408681.1408688},
	acmid = {1408688},
	publisher = {ACM},
} 

@inproceedings{Azurite,
  author = {Y. Yoon and B. A. Myers},
  booktitle = {IEEE/ACM International Conference on Software Engineering},
  title = {{Supporting Selective Undo in a Code Editor}},
  year = {2015},
  pages = {223-233},
  doi = {10.1109/ICSE.2015.43},
  ISSN = {0270-5257},
}

@inproceedings{Variolite,
 author = {Kery, Mary Beth and Horvath, Amber and Myers, Brad},
 title = {{Variolite: Supporting Exploratory Programming by Data Scientists}},
 booktitle = {ACM CHI Conference on Human Factors in Computing Systems},
 year = {2017},
 pages = {1265--1276},
 url = {http://doi.acm.org/10.1145/3025453.3025626},
 doi = {10.1145/3025453.3025626},
 publisher = {ACM},
} 

@phdthesis{Sme18thesis,
  author   = {Smeltzer, Karl},
  title    = {{Design and Application of Variational Representations}},
  school   = {{Oregon State University}},
  year     = 2018,
  note     = {\url{http://ir.library.oregonstate.edu/concern/graduate_thesis_or_dissertations/08612t93m}},
}

@inproceedings{Wand87,
  author    = {Wand, Mitchell},
  title     = {{Complete Type Inference for Simple Objects}},
  booktitle = {Symposium on Logic in Computer Science},
  pages     = {37--44},
  year      = {1987},
}

@techreport{GJ96tech,
  author = {Gaster, Benedict R. and Jones, Mark P.},
  title  = {{A Polymorphic Type System for Extensible Records and Variants}},
  number = {NOTTCS-TR-96-3},
  institution = {University of Nottingham},
  month = Nov,
  year = 1996
}

@misc{SPL2go,
  author = {Th{\"u}m, T and Benduhn, F},
  title = {{SPL2go: An Online Repository for Open-Source Software Product Lines}},
  year = {2011}
}

@inproceedings{VM10icfp,
 author = {Van Horn, David and Might, Matthew},
 title = {{Abstracting Abstract Machines}},
 booktitle = {ACM SIGPLAN International Conference on Functional Programming},
 year = {2010},
 pages = {51--62},
 publisher = {ACM},
} 

@techreport{Goto74,
 author = {Goto, Eiichi},
 title = {{Monocopy and Associative Algorithms in an Extended Lisp}},
 number = {TR 74-03},
 institution = {University of Tokyo},
 year = {1974},
}

@inproceedings{Cocke70,
 author = {Cocke, John},
 title = {{Global Common Subexpression Elimination}},
 booktitle = {Symposium on Compiler Optimization},
 year = {1970},
 pages = {20--24},
 publisher = {ACM},
} 

@article{BP15effects,
  author = {Bauer, Andrej and Pretnar, Matija},
  title = {{Programming with Algebraic Effects and Handlers}},
  journal = {Journal of Logical and Algebraic Methods in Programming},
  year = 2015,
  volume = 84,
  number = 1,
  pages = {108--123},
}

@inproceedings{HL16tyde,
  author = {Hillerstr{\"o}m, Daniel and Lindley, Sam},
  title = {{Liberating Effects with Rows and Handlers}},
  booktitle = {International Workshop on Type-Driven Development},
  year = 2016,
  pages = {15--27},
  publisher = {ACM},
}

@techreport{Leijen16,
  author = {Leijen, Daan},
  title = {{Algebraic Effects for Functional Programming (Type Directed Compilation of Row-typed Algebraic Effects)}},
  institution = {Microsoft Research},
  year = 2016,
  month = Aug,
}
 
@article{Kammar2013,
  author = {Kammar, Ohad and Lindley, Sam and Oury, Nicolas},
  title = {{Handlers in action}},
  journal = {ICFP},
  year = 2013,
  pages = {145--158},
}

@article{Plotkin2001,
  author = {Gordon Plotkin and John Power},
  title = {{Adequacy for algebraic effects}},
  journal = {FoSSaCS},
  year = 2001,
  pages = {1--24},
}