References related to variational data structures.

I suspect Christian and Sven have more comprehensive BibTeX files
than us, so maybe we should just use those directly?  Otherwise,
we can just copy-paste into here.

@string{SEI:CMU = {{Software Engineering Institute, Carnegie Mellon University}}}
@string{VaMoS = {{Proc.\ Int'l Workshop on Variability Modelling of Software-Intensive Systems (VaMoS)}}}

@inproceedings{Sch16,
  author = {Schmitz, Thomas and Rhodes, Dustin and Austin, Thomas H. and Knowles, Kenneth and Flanagan, Cormac},
  editor = {Piessens, Frank and Vigan{\`o}, Luca},
  title = {Faceted Dynamic Information Flow via Control and Data Monads},
  booktitle = {Principles of Security and Trust},
  year = 2016,
  publisher = {Springer},
  pages = {3--23},
}

@inproceedings{DP10,
  title = {Noninterference through secure multi-execution},
  author = {Devriese, Dominique and Piessens, Frank},
  booktitle = {IEEE Symp.\ on Security and Privacy},
  pages = {109--124},
  year = 2010,
  organization = {IEEE}
}

@article{deG14,
  title = {Secure Multi-Execution of Web Scripts: Theory and Practice},
  author = {De Groef, Willem and Devriese, Dominique and Nikiforakis, Nick and Piessens, Frank},
  journal = {Journal of Computer Security},
  volume = {22},
  number = {4},
  pages = {469--509},
  year = {2014},
  publisher = {IOS Press}
}

@article{RS16,
  title = {Secure Multi-Execution: Fine-Grained, Declassification-Aware, and Transparent},
  author = {Rafnsson, Willard and Sabelfeld, Andrei},
  journal = {Journal of Computer Security},
  volume = {24},
  number = {1},
  pages = {39--90},
  year = {2016},
  publisher = {IOS Press}
}

@inproceedings{Ngu15,
  title = {Detecting Semantic Merge Conflicts with Variability-Aware Execution},
  author = {Nguyen, Hung Viet and Nguyen, My Huu and Dang, Son Cuu and K{\"a}stner, Christian and Nguyen, Tien N},
  booktitle = {Proc.\ of the Joint Meeting on Foundations of Software Engineering},
  pages = {926--929},
  year = {2015},
  organization = {ACM}
}

@inproceedings{JR11,
  title = {Secure Multi-Execution in Haskell},
  author = {Jaskelioff, Mauro and Russo, Alejandro},
  booktitle = {International Andrei Ershov Memorial Conference on Perspectives of System Informatics},
  pages = {170--178},
  year = {2011},
  organization = {Springer}
}

@inproceedings{ALM07,
 author = {d'Amorim, Marcelo and Lauterburg, Steven and Marinov, Darko},
 title = {Delta Execution for Efficient State-Space Exploration of Object-Oriented Programs},
 booktitle = {Proc.\ Int'l Symp.\ on Software Testing and Analysis},
 year = 2007,
 pages = {50--60},
 publisher = {ACM},
} 

@inproceedings{Aus13,
 title = {Faceted Execution of Policy-Agnostic Programs},
 author = {Austin, Thomas H. and Yang, Jean and Flanagan, Cormac and Solar-Lezama, Armando},
 booktitle = {Proc.\ ACM SIGPLAN Work.\ on Programming Languages and Analysis for Security},
 pages = {15--26},
 year = {2013},
 organization = {ACM}
}

@article{Dagstuhl13,
  author  = {Borba, Paulo and Cohen, Myra B. and Legay, Axel and W\k{a}sowski, Andrzej},
  title   = {Analysis, Test and Verification in The Presence of Variability ({D}agstuhl Seminar 13091)},
  pages   = {144--170},
  journal = {Dagstuhl Reports},
  year    = 2013,
  volume  = 3,
  number  = 2,
}

@inproceedings{Cla10,
  author = {Classen, A. and Heymans, P. and Schobbens, P.-Y. and Legay, A. and Raskin, J.-F.},
  title = {Model Checking Lots of Systems: Efficient Verification of Temporal Properties in Software Product Lines},
  booktitle = {ACM/IEEE Int.\ Conf.\ on Software Engineering},
  pages = {335--344},
  year = 2010,
} 

@techreport{Kang90,
  title = {Feature-Oriented Domain Analysis ({FODA}) Feasibility Study},
  author = {Kang, K.~C. and Cohen, S.~G. and Hess, J.~A. and Novak, W.~E. and Peterson, A.~S.},
  institution = SEI:CMU,
  number = {CMU/SEI-90-TR-21},
  month = Nov,
  year = 1990,
}

@article{NL11,
  author = {Nie, Changhai and Leung, Hareton},
  title = {A Survey of Combinatorial Testing},
  journal = CSUR,
  volume = {43},
  number = {2},
  year = {2011},
  pages = {11:1--11:29},
} 

@article{Osl03,
	author = {William Osler},
	title = {On the Educational Value of the Medical Society},
	journal = {Yale Medical Journal},
	volume = {IX},
	number = 10,
	nomonth = apr,
	year = 1903,
	pages = {325}
}

@inproceedings{rhs95ifds,
  author = {Reps, Thomas and Horwitz, Susan and Sagiv, Mooly},
  title = {Precise Interprocedural Dataflow Analysis via Graph Reachability},
  booktitle = POPL,
  year = 1995,
  pages = {49--61},
  publisher = {ACM},
} 

@article{Thu14,
  author = {Th\"{u}m, T. and Apel, S. and K\"{a}stner, C. and Schaefer, I and Saake, G.},
  title = {A Classification and Survey of Analysis Strategies for Software Product Lines},
  journal = CSUR,
  year = 2014,
  note = {To appear},
}

@inproceedings{TB14,
  title = {A Lightweight Symbolic Virtual Machine for Solver-Aided Host Languages},
  author = {Torlak, Emina and Bodik, Rastislav},
  booktitle = PLDI,
  pages = {530--541},
  year = 2014,
  publisher = {ACM}
}

@inproceedings{YYS12,
  author = {Yang, Jean and Yessenov, Kuat and Solar-Lezama, Armando},
  title = {A Language for Automatically Enforcing Privacy Policies},
  booktitle = POPL,
  year = 2012,
  pages = {85--96},
  organization = {ACM},
}


@article{Austin14,
  author = {Austin, Thomas H. and Knowles, Kenneth and Flanagan, Cormac },
  title = {Typed Faceted Values for Secure Information Flow in Haskell},
  journal = {Technical Report UCSC-SOE-14-07} ,
  year = 2014,
}

@article{Pretnar15,
  author = {Pretnar, Matija },
  title = {An Introduction to Algebraic Effects and Handlers},
  journal = {MFPS 2015} ,
  year = 2015,
}
